2902 4830
551 285 633 295 --
677 269 730 312 ΧΙΙΙ
774 286 858 296 --

113 450 286 522 supersunt
296 441 345 522 ¹⁵),
380 449 416 502 ut
438 448 605 521 appareret
627 456 688 518 quo
711 437 777 500 iere
800 440 1026 500 sententiarum
1050 457 1171 499 conexu
1194 437 1295 502 uerba

111 530 164 591 uel
186 537 337 588 commata
361 545 441 606 quae
457 527 520 606 legi
536 534 670 606 possunt
692 524 766 585 olim
790 525 955 586 coniuncta
976 532 1092 602 essent,
1120 524 1292 605 supplendi

110 615 287 696 periculum
317 615 351 674 iu
379 610 633 675 adnotationibus
663 611 706 672 ita
737 609 884 687 fecimus,
917 618 952 670 ut
985 619 1117 689 excepto
1147 628 1209 671 uno
1240 621 1294 674 aut

113 719 271 762 summum
294 699 391 760 altero
413 699 480 760 loco
503 696 568 759 iere
590 715 747 776 nusquam
769 697 873 777 ipsum
890 693 1023 757 Gaianae
1046 696 1196 758 orationis
1218 716 1294 759 con-

109 795 232 847 textum
254 795 474 866 recuperatum
498 802 567 846 esse
590 800 778 863 persuasum
800 780 988 843 haberemus
997 781 1045 861 ¹⁶).
1091 782 1177 843 llanc
1199 783 1292 864 longe

113 870 332 933 difficillimam
361 869 508 932 editionis
539 877 662 950 partem
683 868 749 929 fere
771 868 857 929 solus
879 865 1114 928 administrauit
1136 869 1289 948 Krueger,

111 959 177 1037 qui,
204 966 359 1037 quantum
382 957 450 1018 fieri
472 965 590 1037 posset,
616 953 657 1015 ad
679 972 716 1016 ea
738 954 960 1034 supplementa
982 971 1016 1014 se
1032 952 1289 1035 accommodauit,

110 1061 192 1123 quae
215 1043 255 1104 ab
278 1043 349 1104 aliis
379 1044 459 1104 uiris
490 1040 590 1103 doctis
617 1041 686 1102 ueri
715 1057 777 1100 non
806 1039 1003 1101 dissimiliter
1032 1040 1193 1119 proposita
1222 1059 1292 1102 esse

110 1138 271 1207 censeret,
301 1147 373 1191 curn
402 1127 590 1208 praesertim
617 1126 675 1187 hoc
697 1133 759 1186 toto
782 1123 953 1204 supplendi
976 1123 1077 1186 officio
1100 1127 1169 1205 ipsa
1192 1126 1291 1188 uerba

112 1212 230 1277 Gaiana
253 1216 435 1295 recuperari
458 1214 515 1275 uix
537 1230 629 1292 posse
652 1212 793 1290 Krueger
814 1229 938 1272 mecum
962 1211 1165 1273 consentiret.

196 1301 350 1380 Superest
378 1309 415 1360 ut
443 1298 482 1360 de
505 1307 653 1377 typorum
676 1295 858 1357 discrimine
881 1294 1023 1357 dicamus
1046 1295 1138 1358 etde
1162 1295 1293 1360 adnota-

109 1384 262 1461 tionibus,
288 1385 405 1465 quibus
426 1385 506 1445 hanc
528 1380 699 1443 editionem
722 1381 948 1442 instruximus:

196 1468 301 1550 Atque
335 1471 471 1550 primum
501 1468 630 1549 quidem
659 1468 692 1527 in
721 1465 893 1528 uerborum
923 1466 1112 1528 Gaianorum
1143 1475 1292 1530 contextu

110 1557 169 1617 boc
191 1557 260 1637 ipso
282 1565 428 1636 typorum
450 1572 567 1634 genere
596 1572 658 1633 quo
688 1553 721 1613 in
751 1552 809 1614 hae
836 1551 1031 1632 praefatione
1060 1555 1292 1634 typographum

113 1641 160 1703 uti
183 1642 349 1722 iussimus,
384 1659 534 1722 expressa
563 1657 626 1701 non
655 1647 730 1701 sunt
758 1637 821 1700 nisi
851 1657 887 1701 ea
910 1638 1009 1700 uerba
1031 1657 1128 1700 eaeue
1153 1639 1288 1716 litterae,

110 1745 329 1807 quaecumque
353 1736 437 1788 certo
459 1726 512 1788 uel
535 1726 604 1786 ueri
627 1724 785 1786 simillime
813 1724 846 1784 in
872 1725 895 1784 G
916 1733 970 1785 aut
992 1743 1009 1785 a
1032 1743 1082 1785 me
1106 1734 1160 1786 aut
1183 1724 1223 1786 ab
1246 1725 1293 1788 eis

110 1815 166 1893 qui
189 1822 261 1875 ante
284 1832 333 1874 me
357 1815 439 1874 bunc
463 1811 602 1873 codicem
632 1819 843 1872 excusserunt
872 1809 986 1890 dispici
1015 1819 1200 1890 potuerunt.
1246 1812 1290 1872 Ea

109 1917 191 1979 quae
214 1901 248 1959 in
270 1900 441 1961 uerborum
466 1906 615 1959 contextu
636 1897 791 1958 inclinetis
813 1896 929 1957 litteris
953 1915 1103 1977 expressa
1126 1906 1209 1975 sunt,
1236 1906 1291 1959 aut

109 1987 142 2046 in
164 1984 247 2045 libro
272 1986 295 2045 G
315 1986 378 2065 legi
401 1984 531 2065 quidem
547 2002 610 2044 non
626 1991 798 2063 potuerunt
813 1983 867 2044 uel
883 2002 900 2044 a
916 1981 1098 2061 legentibus
1114 2002 1186 2044 cum
1202 1984 1292 2045 simi-

108 2069 194 2132 libus
217 2071 333 2133 litteris
355 2077 536 2151 permutata
558 2077 632 2130 sunt
655 2067 711 2130 sed
732 2079 796 2130 tam
825 2067 1035 2148 probabiliter
1064 2070 1208 2149 suppleri
1238 2070 1291 2131 uel

108 2157 225 2218 mutari
247 2165 429 2237 potuerunt,
455 2164 492 2217 ut
515 2153 580 2216 iere
602 2154 689 2216 nulla
713 2161 846 2215 restaret
869 2154 1040 2233 dubitatio,
1066 2162 1121 2215 aut
1143 2154 1235 2215 aliter
1257 2156 1290 2216 in

110 2243 191 2304 libro
216 2243 239 2302 C
259 2243 423 2322 leguntur,
448 2238 528 2322 quid
551 2249 657 2302 autem
679 2237 761 2300 liber
786 2242 809 2300 G
829 2259 886 2320 pro
909 2240 959 2303 his
982 2240 1143 2321 praebeat,
1170 2241 1204 2301 in
1227 2242 1293 2302 in·

180 2413 218 2475 te)
235 2412 407 2475 Plerumque,
421 2413 451 2460 ut
462 2410 606 2460 commodo
619 2423 713 2460 eorum
731 2412 949 2475 prospiceremus
967 2423 998 2460 ac
1010 2410 1224 2470 consuleremus,
1244 2413 1293 2475 qui

112 2479 233 2530 adhibito
252 2479 354 2530 codicis
367 2480 531 2530 Veronensis
549 2479 703 2544 apographo
721 2479 899 2528 examinatnri
918 2482 1016 2540 essent,
1036 2481 1169 2542 quatenus
1182 2479 1294 2544 supple·

113 2552 235 2597 mentum
253 2549 410 2598 coniectura
427 2547 528 2598 iactum
546 2561 608 2598 curn
628 2546 755 2597 ductibus
774 2546 940 2606 litterarum,
962 2548 1016 2610 qui
1036 2548 1064 2596 in
1086 2546 1105 2597 C
1122 2546 1220 2611 dispici
1242 2562 1293 2613 po-

114 2618 234 2678 tuerunt,
254 2618 424 2680 congrueret,
449 2617 656 2668 crassioribus
675 2617 747 2680 typis
765 2614 960 2666 describendas
978 2616 1136 2665 curauimus
1154 2628 1200 2666 eas
1219 2616 1293 2667 litte·

113 2697 171 2747 ras,
198 2697 266 2747 quae
290 2687 317 2734 in
342 2685 401 2749 ipso
421 2684 441 2735 C
462 2684 546 2736 lectae
570 2690 647 2746 sunt;
675 2688 769 2736 contra
793 2684 874 2735 ubia
897 2683 1045 2734 litterarum
1071 2684 1201 2734 ductibus
1219 2686 1293 2737 ext*

114 2754 229 2804 enotatis
247 2752 431 2804 recedendum
448 2756 517 2814 erat,
543 2756 673 2805 inclinatis
691 2754 786 2803 litteris
803 2755 845 2804 usi
864 2766 969 2804 sumus:
996 2754 1080 2804 ueluti
1099 2753 1173 2818 quod
1192 2754 1216 2803 ll
1234 2753 1291 2818 §tt

111 2823 139 2871 in
158 2825 301 2886 apparatus
320 2823 407 2872 critici
418 2824 531 2887 paginae
543 2824 625 2874 huius
639 2822 765 2873 editionis
778 2825 837 2871 tlte
855 2821 968 2873 subiecti
986 2825 1113 2872 uersuti
1133 2835 1290 2886 expressum

111 2893 152 2940 est
172 2890 317 2942 »tollendi
335 2890 416 2941 aedes
434 2896 460 2941 et
477 2890 608 2942 officiendi
624 2891 825 2952 luminibus«,
852 2891 880 2941 id
899 2890 1033 2955 significat
1050 2890 1153 2942 litteras
1171 2892 1292 2943 tollsnd

108 2962 135 3009 et
157 2958 331 3011 luminibus
356 2961 383 3009 in
410 2959 504 3011 codice
525 2961 672 3011 Veronensi
696 2960 778 3010 lectas
802 2973 875 3021 esse,
901 2973 950 3024 pro
974 2960 1070 3010 litteris
1093 2963 1152 3011 endi
1175 2960 1290 3011 aliarum

108 3029 259 3078 litterarum
284 3029 393 3079 umbras
416 3029 443 3078 ln
464 3028 483 3080 G
506 3029 595 3080 uideri
617 3031 787 3094 apparuisse,
812 3030 915 3079 litteras
933 3029 1049 3093 denique
1068 3028 1291 3080 »laedesetofflci«

109 3097 247 3161 suppletas
265 3110 324 3148 esse
342 3099 370 3147 in
388 3096 449 3148 loco
467 3097 624 3162 desperatae
643 3100 669 3148 in
692 3098 860 3150 electionis.
899 3099 1025 3148 Ceterum
1044 3111 1098 3148 non
1116 3099 1142 3147 in
1163 3099 1290 3149 omnibus

108 3165 302 3230 supplementis
319 3165 388 3217 haec
405 3168 533 3230 typorum
551 3166 708 3217 discrimina
726 3167 846 3218 curanda
864 3167 1000 3218 duximus.

177 3235 216 3296 to)
239 3234 492 3299 supplementorum
510 3234 625 3286 formam
643 3236 788 3300 genuinam
802 3237 825 3287 si
837 3237 898 3299 quis
911 3237 967 3286 sola
979 3236 1136 3286 coniectura
1148 3237 1291 3286 restituere

107 3315 136 3352 se
154 3315 233 3366 posse
252 3302 381 3365 confidat,
408 3317 489 3368 quarn
507 3318 577 3354 uana
595 3306 618 3354 is
636 3307 738 3369 captet,
765 3304 864 3355 docent
880 3305 1008 3369 permulti
1026 3303 1066 3354 illi
1083 3308 1211 3363 conatus,
1232 3308 1288 3369 qui,

107 3376 252 3435 antequam
270 3371 356 3422 codex
372 3372 537 3423 Veronensis
555 3373 643 3424 denuo
662 3376 841 3434 excuteretur,
867 3373 902 3423 ad
927 3372 1088 3424 schedarum
1109 3373 1291 3423 Goescbenia-

108 3453 205 3489 narum
223 3441 268 3490 uel
287 3441 508 3492 bluhmianarum
526 3440 608 3492 fidem
626 3455 642 3490 a
659 3443 728 3493 uiris
746 3443 834 3493 doctis
852 3441 916 3492 iacti
935 3445 1009 3493 sunt:
1036 3441 1136 3506 quippe
1157 3444 1203 3505 qui
1227 3455 1289 3492 raro

108 3509 168 3573 ipsa
185 3522 216 3558 ea
236 3508 320 3560 uerba
338 3509 515 3560 coniectando
534 3513 715 3574 reppererint,
741 3524 811 3574 quae
829 3516 924 3576 postea
942 3525 958 3561 a
976 3523 1019 3560 me
1039 3511 1065 3559 in
1086 3509 1181 3560 codice
1201 3510 1221 3561 (l
1238 3511 1290 3574 legi

108 3579 264 3641 potuerunt.
301 3579 393 3643 Itaque
418 3591 481 3629 cum
499 3576 606 3630 facilius
629 3580 805 3630 inueniuntur
828 3593 909 3644 quam
933 3579 1067 3643 eligantur
1090 3579 1288 3643 supplementa,

108 3644 156 3695 ubi
174 3647 201 3695 in
220 3647 286 3697 locis
304 3646 453 3706 lacunosis,
480 3647 514 3698 de
539 3661 656 3711 quorum
676 3649 807 3699 sententia
830 3648 904 3699 nulla
928 3652 1000 3698 esset
1024 3646 1171 3707 dubitatio,
1196 3649 1290 3714 plures

108 3714 251 3779 supplendi
264 3717 325 3766 uiae
336 3716 472 3781 patebant,
492 3729 576 3766 unam
589 3717 688 3780 eligere
701 3718 798 3768 malui:
819 3718 904 3768 multa
917 3717 1018 3767 adierri
1029 3721 1143 3782 possunt
1155 3719 1288 3783 exempla,

110 3783 158 3833 sed
175 3784 220 3833 uel
239 3798 324 3834 unum
343 3799 376 3835 ex
399 3786 437 3836 eis
462 3783 602 3850 quodlibet
624 3785 755 3836 sufficiet:
780 3787 900 3850 itaquel
919 3784 931 3851 i
950 3789 997 3835 taa
1021 3799 1076 3836 non
1099 3789 1204 3837 minore
1229 3789 1288 3839 iure

108 3864 190 3914 quam
215 3852 256 3914 id,
283 3853 356 3916 quod
380 3868 403 3904 e.
425 3867 449 3917 g.
472 3855 566 3918 posui,
592 3854 659 3904 baec
683 3854 868 3919 supplementa
891 3856 1006 3922 proponi
1029 3858 1169 3921 poteraut:
1193 3859 1239 3908 sed
1261 3860 1289 3907 io

106 3923 236 3982 ponderc;
255 3935 317 3971 num
335 3923 395 3972 olim
412 3921 467 3984 (uel
480 3937 543 3972 oum
556 3924 616 3986 tum)
636 3928 660 3973 et
678 3921 758 3989 coloes
776 3925 880 3973 librales
898 3929 973 3974 erum
990 3929 1014 3975 ct
1031 3927 1157 3987 dupundii
1175 3927 1287 3984 bilibres,

109 3989 168 4038 uel:
190 3991 235 4039 sed
251 3992 523 4053 sipontinensem
542 4005 604 4040 uam
622 3996 646 4042 ct
664 3988 745 4059 aslues
763 3993 867 4042 librales
885 3999 961 4043 erunt
978 3999 1002 4044 et
1019 3997 1145 4057 dupundii
1163 3996 1237 4045 binos
1255 3996 1288 4044 li-

107 4058 169 4106 bros
187 4060 349 4109 continebunt
365 4059 408 4110 uel
426 4060 532 4111 similia.
