2902 4830
469 344 556 356 -—
600 310 639 372 85
683 344 771 356 -
958 313 980 362 11
1000 309 1161 376 §tos-tor

78 498 174 559 luerit
196 517 314 577 sumre,
341 499 394 559 uel
417 499 461 560 ita
483 518 538 559 suu
554 518 678 578 nesure,
705 500 756 561 nel
777 501 953 577 imnerico,
979 519 1081 580 aeque
1103 520 1163 581 per

11 587 52 645 et
79 583 325 645 uindicationem
349 585 488 665 legatum
512 594 570 646 est.
611 584 683 646 ldeo
707 595 812 646 antem
836 605 894 667 per
915 585 1163 648 uindicationem

78 671 217 751 legatum
240 670 430 751 appellatur,
465 674 543 750 quic
572 680 643 751 post
671 671 788 732 aditam
819 671 1029 733 hereditatem
1056 674 1162 733 statim

79 775 119 816 ex
142 755 212 816 iure
235 755 406 828 Quiritium
429 775 481 818 res
504 756 647 836 legatarii
670 757 721 831 lit;
755 766 788 818 et
813 758 840 819 si
863 777 932 818 eam
954 776 1020 819 rem
1045 759 1162 838 legata-

78 843 147 903 rius
170 842 224 902 uel
247 840 287 903 ab
309 840 426 904 herede
448 843 503 923 uel
525 843 565 903 ab
589 843 649 905 elio
673 861 872 922 quocumque
901 845 959 924 qui
988 862 1058 905 eam
1087 858 1195 924 pos-⁵

77 926 178 1006 sidet,
203 937 309 1007 petat,
335 927 500 989 uindicare
524 927 637 1007 debet,
670 927 703 989 id
726 938 775 990 est
797 928 964 991 intendere
987 948 1077 991 snam
1099 949 1163 990 rem

11 1015 53 1074 95
77 1032 118 1074 ex
141 1014 212 1075 iure
234 1013 406 1086 Qniritium
429 1032 511 1075 esse.
552 1015 586 1074 ln
610 1033 647 1074 eo
669 1015 734 1076 solo
757 1013 951 1077 dissentiunt
972 1014 1159 1096 prudentes,

80 1098 167 1178 quod
181 1099 319 1161 Sabinus
342 1098 473 1179 quidem
496 1109 527 1160 et
550 1100 676 1162 Cassius
699 1102 861 1180 ceterique
885 1102 986 1162 nostri
1008 1120 1164 1181 praecep-

75 1195 163 1257 tores
185 1184 272 1265 quod
293 1186 337 1246 ita
360 1186 497 1266 legatum
520 1187 571 1262 sit,
598 1186 704 1247 statim
727 1198 798 1265 post
820 1186 937 1249 aditam
953 1186 1162 1248 hereditatem

75 1279 192 1351 putant
220 1271 290 1332 fieri
314 1271 473 1351 legatarii,
508 1272 631 1332 etiamsi
655 1272 775 1350 ignoret
805 1273 866 1333 sihi
895 1274 1033 1352 legatum
1060 1269 1064 1355 Ι
1092 1292 1162 1334 esse
1182 1287 1212 1332 to

79 1355 292 1438 [dimissum]‚
325 1357 381 1418 sed
409 1366 616 1438 posteaquam
638 1358 746 1419 scierit
768 1367 798 1418 et
820 1393 975 1401 ——-—
999 1355 1157 1441 legaltum,

75 1442 212 1523 proinde
234 1461 303 1504 esse
327 1452 422 1522 atque
445 1444 472 1504 si
495 1443 634 1524 legatum
664 1462 727 1504 non
758 1452 856 1522 esset;
889 1445 994 1505 Nerua
1023 1463 1100 1505 uero
1131 1453 1162 1506 et

75 1527 226 1592 Proculus
249 1530 410 1608 ceterique
434 1529 521 1590 illius
545 1528 667 1590 scholae
689 1538 833 1591 auctores
856 1548 919 1590 non
936 1531 1030 1591 aliter
1045 1538 1161 1609 putant

74 1633 145 1676 rem
167 1614 309 1694 legatarii
333 1615 419 1693 fieri,
446 1633 541 1695 quam
565 1616 592 1676 si
615 1615 754 1677 uoluerit
776 1634 844 1677 eam
867 1614 907 1676 ad
930 1616 1158 1695 sepertinere.
1181 1627 1212 1673 tt

74 1699 134 1762 sed
157 1700 250 1762 hodie
282 1720 322 1763 ex
351 1699 420 1762 diui
443 1701 487 1760 Pii
509 1698 661 1762 Antonini
685 1699 697 1784 ll
721 1702 942 1763 constitutione
974 1702 1032 1762 hoc
1060 1701 1160 1781 magis
1169 1712 1263 1775 pgnot

75 1787 148 1848 iure
169 1788 217 1848 uti
239 1786 388 1848 uidemur
410 1786 496 1866 quod
519 1787 647 1848 Proculo
671 1789 807 1868 placuit;
842 1806 916 1848 nam
945 1806 1015 1848 cnm
1039 1786 1162 1868 legatus

74 1871 190 1934 fuisset
212 1873 341 1934 Latinus
363 1891 421 1952 per
442 1872 689 1935 uindicationem
713 1874 863 1948 coloniae,
888 1872 1085 1952 Deliberent,
1112 1874 1162 1934 in·

75 1959 157 2039 quit,
183 1957 386 2036 decuriones,
413 1977 454 2020 an
476 1959 516 2020 ad
539 1979 573 2021 se
597 1959 698 2020 uelint
719 1960 892 2038 pertinere,
918 1959 1052 2039 proinde
1075 1977 1111 2020 ac
1134 1960 1161 2021 si

10 2046 51 2106 96
74 2047 133 2105 nni
157 2044 279 2125 legatus
302 2053 397 2106 esset.
438 2047 500 2106 Eae
523 2054 629 2106 autem
652 2046 738 2106 soloe
761 2064 812 2106 res
835 2063 892 2125 per
913 2044 1162 2107 uindicationem

75 2131 226 2211 legantur
256 2138 358 2209 recte,
401 2149 483 2209 quae
513 2150 553 2191 ex
581 2132 649 2192 iure
673 2131 844 2203 Quiritium
874 2131 976 2210 ipsius
1003 2131 1162 2193 testatoris
1179 2143 1212 2188 so

75 2225 163 2278 sunt.
201 2216 259 2278 sed
282 2234 336 2277 eas
359 2216 489 2295 quidem
511 2235 563 2277 res
591 2235 673 2296 qnae
696 2215 837 2296 pondere
860 2235 991 2277 numero
1014 2235 1162 2279 mensura

74 2311 234 2381 constant,
259 2303 380 2381 placuit
402 2301 562 2380 sulficere,
596 2303 624 2363 si
646 2303 756 2364 mortis
778 2311 919 2381 tempore
943 2303 1007 2363 sint
1030 2322 1070 2364 ex
1092 2303 1162 2363 iure

76 2388 252 2460 Quiritium
274 2390 444 2469 testatoris,
470 2388 571 2448 ueluti
593 2387 706 2449 uinum
729 2388 833 2449 oleum
848 2386 1043 2449 frumentum
1064 2407 1163 2467 pecu-

74 2475 163 2535 niam
185 2483 395 2535 numeratam.
433 2482 554 2534 ceteras
576 2492 719 2534 resuere
735 2474 853 2553 placuit
867 2482 1004 2553 utroque
1019 2484 1162 2553 tempore

74 2559 235 2622 testatoris
264 2579 304 2622 ex
334 2560 402 2620 iure
425 2560 596 2632 Qniritium
625 2577 694 2620 esse
724 2558 860 2637 debere,
894 2558 927 2619 id
957 2567 1005 2619 est
1036 2568 1069 2620 et
1099 2578 1161 2638 quo
1180 2571 1211 2617 25

73 2646 193 2708 laceret
214 2655 437 2708 testamentum
461 2653 493 2706 et
516 2663 577 2724 quo
600 2653 790 2722 moreretur3
814 2645 954 2725 alioquin
978 2645 1090 2706 inutile
1115 2654 1162 2706 est

10 2734 48 2793 97
74 2733 226 2812 legatum.
274 2731 338 2793 Sed
368 2750 444 2793 sane
472 2731 530 2792 hoc
558 2732 604 2796 ita
633 2739 681 2792 est
712 2730 781 2792 iure
810 2731 909 2792 ciuili.
954 2740 1063 2810 postea
1085 2749 1161 2792 uero

75 2826 205 2879 anctore
227 2819 348 2879 Nerone
373 2817 507 2878 Caesare
536 2818 847 2879 senatusconsultum
877 2817 993 2878 factum
1024 2826 1073 2878 est
1101 2835 1161 2895 quo

1100 2968 1161 2984 ΛΑΝ

146 3079 159 3122 3
180 3075 245 3137 quic
259 3074 370 3134 Sandcr,
391 3080 436 3124 ant
453 3075 501 3138 qui
515 3073 593 3136 (cons.
612 3072 644 3122 ca
658 3086 722 3136 pao.
736 3074 799 3133 295)
818 3078 864 3123 ant
882 3063 967 3138 quiC
984 3073 995 3136 ΙΙ
1016 3077 1042 3120 tt
1066 3073 1163 3123 dimis-

74 3155 137 3193 sum
157 3145 320 3204 (corruptum
338 3156 372 3193 coc
390 3143 539 3193 demissum
549 3143 573 3201 5²)
591 3142 718 3204 glossema
736 3143 830 3191 deleuit
848 3143 966 3192 Huschke
990 3143 1001 3205 11
1025 3141 1073 3191 sed
1095 3142 1162 3191 Goe-

74 3212 162 3270 schcn,
182 3214 210 3260 et
228 3210 248 3260 C
269 3211 280 3274 ΙΙ
302 3216 362 3273 post
380 3212 472 3261 scierit
490 3213 550 3273 qnid
567 3214 595 3260 in
616 3209 731 3272 Csnerit
750 3209 828 3272 (cons.
853 3210 906 3271 θα),
926 3213 976 3261 dici
993 3213 1094 3272 neqnit;
1114 3223 1162 3258 ecc-

71 3283 204 3342 pectes‘et
221 3280 421 3345 repudiauerit3
442 3282 534 3330 codicis
549 3279 569 3330 C
586 3280 677 3328 ductus
695 3280 729 3328 od
747 3283 774 3328 et
791 3277 918 3342 cetsslerit
935 3281 1075 3341 quadrant,
1095 3279 1162 3339 qnod

74 3354 163 3398 wmcn
180 3349 212 3398 ab
230 3350 306 3398 huius
325 3351 372 3398 loci
390 3351 517 3399 sententio
535 3350 649 3398 alienent
667 3352 719 3406 est,
744 3348 787 3396 nel
805 3349 839 3397 cd
857 3350 981 3406 eiecerit,
1008 3349 1076 3396 unde
1096 3359 1162 3407 pro-

72 3417 156 3480 fectus
175 3418 272 3481 Fictinq
289 3420 396 3468 coniecit
414 3414 452 3481 e(t
469 3415 622 3483 reliecerit,
648 3417 715 3477 qnod
738 3420 824 3465 tomen
841 3430 892 3466 nso
910 3418 1029 3478 loquendi
1046 3416 1162 3464 sollemni

73 3488 124 3536 uic
135 3488 331 3536 comntendotnr
346 3485 358 3550 ΙΙ
376 3499 470 3535 uersus
484 3488 567 3534 e-ta
586 3487 624 3533 ito
641 3486 814 3534 restituendos
832 3498 887 3536 csse
900 3487 991 3534 conicit
1003 3485 1144 3534 Mommsen
1151 3502 1161 3531 .-

73 3555 167 3605 statim
185 3557 247 3619 post
263 3555 364 3605 editam
383 3554 561 3604 hereditatem
579 3556 677 3617 putant
695 3551 754 3603 lieri
773 3553 907 3616 legatarii,
933 3553 1038 3603 etiamsi
1057 3553 1161 3615 ignoret

72 3622 126 3674 sibi
146 3623 264 3687 legatum
282 3625 428 3674 demissum
447 3636 518 3682 esse;
543 3624 721 3686 posteaquam
740 3622 831 3671 scierit
849 3627 876 3672 et
894 3624 1010 3672 ornisertt
1032 3621 1159 3682 legatum,

71 3692 190 3757 proinde
210 3705 268 3742 esse
287 3695 367 3756 atque
385 3693 406 3741 si
426 3691 542 3755 legatum
562 3703 616 3740 non
630 3694 701 3739 esset
720 3689 731 3754 ΙΙ
751 3694 780 3738 43
800 3688 878 3740 aliter
893 3691 1031 3750 Goeschcn,
1052 3689 1115 3738 alite
1131 3688 1159 3747 C,

71 3761 142 3823 cons.
167 3761 199 3812 0²
214 3773 276 3824 pap.
290 3765 341 3811 304
359 3774 431 3810 cers.
446 3766 479 3814 20
498 3765 522 3809 et
539 3773 608 3809 nors.
625 3761 657 3808 {7
674 3759 685 3821 11
707 3763 738 3807 46
763 3759 890 3809 uidemur
911 3759 1054 3815 Goeschen‚
1080 3757 1162 3807 uide-

70 3830 204 3880 uidemur
224 3828 244 3879 C
265 3830 277 3893 ll
301 3834 332 3878 47
352 3843 401 3894 per
422 3830 566 3887 Goeschen,
593 3841 642 3892 pro
665 3827 697 3886 C,
725 3826 792 3889 cons.
816 3827 848 3878 ca
868 3841 931 3890 poc.
946 3829 996 3880 284
1014 3839 1083 3876 nors.
1098 3831 1129 3879 {2
1153 3821 1162 3892 ll

72 3919 105 3964 49
126 3928 176 3965 eae
188 3915 348 3976 Lachmann,
369 3906 435 3965 ad⁰?
456 3913 491 3974 C,·
510 3913 576 3976 cons.
595 3912 626 3963 0⁸
645 3912 657 3974 ΙΙ
676 3915 706 3960 ht
727 3915 831 3962 ceteras
850 3924 977 3962 resuere
999 3911 1043 3971 Cn,
1066 3911 1162 3961 Gaium

69 3986 179 4035 ceteras
203 3997 271 4034 uero
293 3990 340 4034 out
363 3986 468 4034 ceteras
492 3995 559 4032 uero
584 3994 628 4031 res
652 3983 788 4042 scripsisse
810 3982 949 4042 suspiceris
973 3981 984 4044 ll
1009 3979 1162 4030 refaceret

71 4053 221 4115 Goeschen,
248 4051 338 4103 lacere
361 4052 409 4116 ΟΙΙ
428 4055 468 4102 est
490 4051 532 4112 ΟΠ,
560 4063 619 4101 esse
639 4049 756 4099 Huschke
771 4049 782 4112 ΙΙ
802 4053 833 4100 28
853 4063 907 4114 quo
928 4049 1064 4112 Goeschen,
1086 4048 1159 4112 quod

71 4122 121 4182 0¹¹,
141 4120 211 4183 cons.
228 4119 260 4172 (3ι
274 4133 336 4184 poc.
351 4125 410 4175 295.
