2902 4830
484 333 569 345 ....
616 300 675 361 113
720 334 805 344 .-
981 270 983 274 ⁴
1007 298 1189 364 ruam-55

106 489 285 552 tabularum
316 487 425 550 datum
456 497 514 549 est.
561 508 619 550 nee
647 489 732 550 enim
754 498 790 550 ut
813 497 921 551 eontra
943 489 1068 551 tabulas
1090 497 1190 552 testae

107 576 206 638 menti
229 576 344 654 ingrati
368 573 474 636 liberti
497 575 550 636 uel
573 574 613 635 ab
636 576 783 636 intestato
807 583 914 637 eontra
938 575 1038 637 filium
1064 575 1189 656 adopti-

105 682 183 725 uum
211 662 266 721 uel
292 680 423 722 uxorem
453 679 612 722 nurumue
643 660 797 722 bonorum
827 663 1059 741 possessionem
1089 661 1188 741 partis

107 747 258 810 dimidiae
281 755 445 826 peterent,
471 755 599 826 praetor
621 748 766 808 similiter
788 755 823 808 ut
845 746 884 808 de
906 756 1039 828 patrono
1061 748 1189 809 liberis-

58 837 81 894 ,0
109 854 171 915 que
195 833 264 895 eius
287 832 428 895 curabat.
470 831 534 894 Sed
556 833 609 894 lex
631 832 725 913 Papia
748 832 872 895 duobus
894 833 1005 895 liberis
1020 834 1187 895 honoratae
1207 849 1221 895 n

108 922 265 1001 ingenuae
288 921 447 999 patronae,
467 915 480 1002 ll
496 919 663 980 libertinae
685 919 799 998 tribus,
826 918 936 981 eadem
959 920 1024 981 lere
1047 923 1116 982 iura
1132 919 1292 998 de-pg.taa

108 1006 155 1068 dit
185 1025 269 1086 quoe
299 1025 339 1066 ex
370 1003 472 1066 edicto
500 1007 657 1084 praetoris
680 1006 804 1085 patroni
827 1004 959 1083 habent,
993 1007 1090 1068 trium
1112 1026 1189 1068 uero

108 1092 280 1154 liberorum
303 1093 370 1152 iure
392 1091 560 1152 honoratae
583 1092 741 1171 ingenuae
763 1100 916 1171 patronae
940 1111 976 1153 ea
998 1093 1068 1154 iura
1087 1092 1185 1172 dedit,

109 1197 194 1260 quae
217 1196 275 1257 per
297 1175 428 1239 eandem
452 1177 555 1256 legem
577 1187 706 1256 patrono
730 1177 802 1239 data
824 1187 915 1254 sunt;
941 1178 1109 1240 libertinae
1132 1197 1190 1240 au-

58 1267 77 1326 ·l
107 1272 172 1326 tem
201 1272 350 1343 patronae
380 1282 443 1324 non
473 1261 559 1324 idem
589 1263 668 1326 iuris
696 1264 863 1342 praestitit.
910 1263 1001 1336 Quod
1022 1275 1126 1326 autem
1150 1263 1191 1325 ad
1211 1280 1240 1325 to

108 1350 330 1412 libertinarum
348 1349 430 1411 bona
445 1351 593 1429 pertinet,
620 1348 779 1430 siquidem
795 1351 962 1411 intestatae
979 1350 1186 1430 decesserint,

108 1436 190 1497 nihil
218 1435 293 1496 noni
321 1443 472 1516 patronae
498 1434 609 1496 liberis
639 1436 809 1497 honoratae
836 1436 890 1496 lex
912 1437 1005 1516 Papia
1034 1443 1187 1517 praestat.

108 1524 216 1602 itaque
246 1522 272 1582 si
302 1540 408 1602 neque
438 1522 507 1600 ipsa
535 1530 668 1600 patrona
698 1540 803 1601 neque
832 1522 947 1584 liberta
969 1524 1067 1602 eapite
1089 1522 1191 1584 demi-

108 1617 187 1670 nuta
209 1607 264 1685 sit,
291 1609 423 1688 exlege
446 1609 492 1667 {1‘1
514 1605 696 1668 tabularum
717 1606 757 1668 ad
780 1626 849 1668 eam
870 1606 1029 1670 hereditas
1052 1611 1192 1688 pertinet
1319 1669 1322 1674 .

109 1703 141 1755 et
164 1692 378 1755 excluduntur
399 1693 533 1755 libertae
556 1692 665 1770 liheri;
698 1692 785 1774 quod
812 1693 892 1756 iuris
914 1702 962 1755 est
984 1696 1078 1755 etiam
1100 1695 1128 1755 si
1150 1694 1191 1754 li·
1210 1710 1240 1756 aa

108 1780 196 1842 beris
218 1781 368 1840 honorata
389 1798 451 1839 non
475 1780 516 1840 sit
537 1788 685 1857 patrona;
710 1798 885 1860 numquam
908 1780 1006 1860 enim,
1033 1781 1115 1843 sieut
1137 1799 1192 1842 su-

108 1885 167 1947 pra
197 1864 353 1944 diximus,
386 1865 523 1927 feminae
554 1884 647 1926 suum
669 1864 818 1928 heredem
841 1866 960 1928 habere
982 1876 1124 1946 possunt.
1164 1867 1191 1928 si

109 1970 186 2015 uero
207 1953 262 2016 uel
283 1951 379 2012 huius
401 1953 455 2013 uel
472 1952 556 2012 illius
573 1952 683 2031 eapitis
699 1951 873 2014 deminutio
889 1953 1093 2032 interueniat,
1119 1971 1192 2014 rur-

110 2057 165 2100 sus
188 2037 283 2099 liberi
305 2037 438 2098 libertae
462 2036 637 2099 excludunt
659 2046 833 2118 patronam,
860 2039 935 2119 quia
957 2038 1097 2118 legitimo
1120 2040 1190 2100 iure

110 2125 219 2205 eapitis
243 2123 445 2185 deminutione
463 2132 628 2204 perempto
652 2125 775 2203 euenit,
808 2133 844 2185 ut
864 2124 958 2185 liberi
983 2125 1116 2187 libertae
1138 2144 1192 2186 eo-
1210 2139 1241 2185 so

58 2213 85 2272 tt
110 2212 268 2291 gnationis
291 2208 360 2270 iure
382 2210 521 2289 potiores
544 2209 733 2271 habeantur.
775 2209 853 2271 Cum
876 2216 982 2271 autem
1004 2219 1192 2272 testamento

106 2295 191 2363 ,laeto
214 2296 347 2358 moritur
369 2296 501 2374 liberta,
532 2314 568 2357 ea
591 2295 719 2376 quidem
743 2305 876 2376 patrona
899 2314 981 2375 quae
1004 2295 1116 2358 liberis
1138 2295 1194 2356 ho-

111 2391 223 2444 norata
244 2400 307 2443 non
331 2390 389 2460 est,
415 2381 495 2442 nihil
518 2382 599 2442 iuris
621 2381 717 2443 habet
739 2390 845 2442 eontra
868 2380 998 2442 libertae
1020 2389 1193 2443 testamen-

110 2477 196 2546 tum3
230 2470 261 2529 ee'
287 2486 364 2529 uero
388 2486 471 2547 quae
494 2466 605 2528 liberis
627 2469 775 2529 honorata
798 2468 855 2545 sit,
888 2469 946 2528 hoe
968 2469 1018 2528 ius
1040 2467 1193 2529 tribuitur

109 2573 170 2635 per
196 2554 298 2635 legem
319 2553 461 2632 Papiam,
495 2551 581 2632 quod
603 2552 699 2615 habet
721 2571 762 2615 ex
784 2552 887 2614 edieto
909 2560 1062 2633 patronus
1085 2560 1192 2614 contra
1210 2568 1242 2614 25

107 2640 234 2702 tabulas
256 2638 371 2700 liberti.

58 2728 84 2787 t3
199 2722 322 2809 lEadem
345 2725 399 2786 lex
421 2734 571 2805 patronae
596 2724 660 2786 filio
679 2725 790 2786 liberis
812 2726 963 2787 honorato
978 2722 1045 2808 —l
1069 2727 1192 2805 patroni

111 2812 179 2875 iura
204 2810 308 2888 dedit3
336 2810 393 2873 sed
417 2813 449 2872 in
473 2811 569 2872 huius
591 2830 726 2891 persona
742 2812 837 2872 etiam
852 2813 948 2873 unius
964 2807 976 2894 ll
993 2811 1049 2872 lilii
1066 2811 1190 2874 filiaeue
1200 2823 1293 2886 pgam

110 2897 162 2960 ius
185 2897 311 2960 suffieit.

58 2985 85 3044 tt
197 2985 354 3045 Hactenus
375 2982 480 3044 omnia
504 2983 572 3044 iura
595 2985 686 3063 quasi
708 3002 767 3063 per
788 2982 927 3045 indicem
947 2984 1091 3063 tetigisse
1116 2984 1191 3046 satis
1210 2997 1241 3042 ae

111 3079 177 3148 est3
205 3069 343 3150 alioquin
368 3067 551 3148 diligentior
570 3069 790 3150 interpretatio
807 3069 944 3150 propriis
959 3071 1192 3132 commentariis

111 3156 255 3237 exposita
277 3163 335 3217 est.

58 3327 87 3386 55
199 3327 350 3407 Sequitur
372 3334 408 3387 ut
430 3325 470 3387 de
492 3325 585 3387 bonis
601 3326 780 3388 Latinorum
804 3325 1026 3388 libertinorum
1043 3326 1194 3406 dispicia-

181 3523 235 3589 §5⁴
258 3523 348 3587 supra]
369 3522 439 3588 §ta
461 3522 532 3575 conl.
551 3524 738 3587 supplementa
756 3525 830 3575 illius
847 3524 1016 3589 paragraphi.

113 3634 504 3652 mwvxmmmvmmvvvvxmx
808 3633 1194 3650 ’ΧΛΛΛΙΧΛΛΛΛΝΝΛΛΙᾺΛΛΛΛΛΜΛ

182 3709 212 3755 te
233 3705 321 3768 eapite
339 3704 489 3767 deminuta]
509 3704 575 3766 conf.
595 3705 626 3755 ca
640 3718 703 3768 pao.
717 3707 768 3757 275
786 3710 888 3756 uerat
910 3704 922 3768 ΙΙ
945 3707 975 3752 2ο
995 3705 1092 3768 eapitis
1105 3703 1194 3754 demi-

111 3773 232 3836 nutione]
248 3774 312 3836 cens.
329 3774 362 3825 0²
370 3787 433 3836 pay.
447 3775 497 3826 em
510 3773 557 3835 ins.
577 3773 588 3836 ll
605 3777 744 3838 perempto
761 3774 899 3833 Goeschen,
918 3775 1051 3837 ierempto
1066 3771 1092 3831 C,
1108 3773 1194 3822 inter-

112 3846 204 3908 empto
218 3843 345 3905 Boeotiae
359 3842 436 3905 (cons.
455 3841 487 3893 0ι
502 3855 564 3905 pap.
578 3844 638 3902 272)
658 3842 669 3906 ll
688 3844 718 3890 it
739 3843 764 3891 ei
784 3842 921 3904 Goesehea,
942 3855 973 3892 ea
990 3841 1009 3892 C
1025 3841 1036 3904 ΙΙ
1056 3844 1085 3889 27
1106 3842 1194 3892 hono-

110 3912 214 3976 rato-]
235 3912 433 3961 honoratocret
454 3910 481 3970 C,
507 3911 639 3960 honorato
664 3909 719 3960 lere
745 3911 863 3973 Kroeqer
881 3911 960 3971 (Krtt.
985 3911 1111 3960 Varadeto
1131 3924 1193 3973 pap.

114 3982 185 4044 727),
204 3982 336 4030 honorato
349 3981 404 4030 ciui
417 3980 536 4030 Romano
549 3980 690 4029 Mommsen
710 3979 787 4041 (cens.
804 3978 835 4028 0Β
849 3979 988 4042 papati)
1006 3979 1017 4043 ΙΙ
1036 3983 1068 4028 27
1084 3982 1120 4042 (in
1131 3981 1192 4043 fine)

110 4054 241 4115 patronae
257 4049 389 4099 Geedsmtt
407 4048 417 4112 {l
437 4052 467 4097 tt
487 4049 577 4098 omnia
593 4048 620 4107 G,
641 4053 759 4109 expectes
770 4062 792 4099 e.
806 4061 832 4110 9.
852 4047 920 4098 haec
938 4050 1029 4099 omnia
1046 4047 1194 4112 uindicem

112 4133 147 4169 ex
165 4119 300 4169 indiecem
319 4122 463 4168 correctam
478 4117 497 4168 C
514 4117 525 4182 ΙΙ
546 4121 576 4166 ³³
596 4117 785 4167 libertinorum
798 4121 827 4167 ot
837 4118 965 4181 qlosaemo
977 4117 1040 4167 delet
1053 4118 1193 4167 Polenoar.

168 4216 246 4259 Garis.
973 4224 986 4270 8
