2902 4830
647 290 733 301 -··-
775 273 826 315 Vlll
869 288 955 299 -····

212 445 347 524 ducere,
374 442 532 524 siquidem
556 462 630 524 spes
653 463 742 525 spem
765 443 898 525 excitati,
935 444 1080 522 quotiens
1104 441 1204 504 codex
1227 442 1261 505 in
1288 465 1409 509 manus

209 531 393 593 resumitur.

296 618 331 677 ln
354 614 575 677 constituendo
598 623 747 677 contextu
770 625 896 696 praeter
925 616 1137 695 apographum
1167 634 1276 677 meum
1311 617 1409 680 adhi-

210 701 339 765 buimus
362 700 515 779 subsidia,
542 719 623 780 quae
647 702 679 762 in
703 701 797 763 huius
819 700 1024 781 praelationis
1047 701 1137 762 initio
1160 699 1403 782 indicauimus3

211 789 244 848 in
266 789 317 850 his
339 787 517 868 principem
539 787 641 848 locum
671 786 712 849 ad
734 786 809 847 libri
835 787 858 847 0
877 787 1042 849 lectionem
1072 786 1292 867 imperfectam
1325 809 1407 871 sup-

211 873 359 954 plendam
382 874 435 934 uel
457 873 663 953 deprauatam
686 872 903 953 corrigendam
933 881 1043 934 tenent
1065 891 1119 934 eae
1142 873 1326 952 particulae
1350 877 1404 938 ln-

210 961 411 1021 stitutionum
435 957 640 1038 Gaianarum,
676 977 756 1038 quae
780 959 812 1020 in
835 959 1002 1020 Iustiniani
1024 959 1161 1038 Digestis
1183 960 1406 1024 institutioni·

209 1045 313 1107 busue
336 1046 497 1126 leguntur.
537 1045 655 1117 Quodsi
679 1063 759 1125 quae
783 1044 1013 1125 discrepantiae
1036 1044 1181 1106 lectionis
1204 1045 1237 1105 in
1264 1047 1288 1106 Ο
1312 1050 1402 1109 etin

208 1150 272 1194 uno
295 1133 434 1192 alteroue
458 1149 497 1192 ex
520 1131 584 1191 illis
607 1130 760 1193 subsidiis
783 1130 908 1192 obuiam
931 1130 1059 1208 fiebant,
1086 1149 1167 1211 quae
1183 1139 1346 1212 utraeque
1363 1134 1403 1197 ad

209 1218 359 1280 orationis
374 1216 509 1279 Gaianae
525 1215 664 1278 indolem
687 1215 890 1296 quadrarent,
917 1214 1033 1277 codicis
1052 1217 1253 1278 Glectionem
1270 1218 1305 1278 in
1324 1238 1403 1281 con-

209 1311 330 1365 textum
354 1304 542 1383 recepimus.
590 1303 735 1364 Ceterum
764 1303 797 1363 in
825 1304 909 1364 hunc
932 1300 1071 1364 codicem
1099 1304 1258 1383 permulta
1280 1305 1402 1368 menda

210 1387 376 1451 influxisse
407 1398 438 1451 et
460 1390 675 1470 apographum
702 1408 808 1450 meum
838 1390 985 1469 quisquis
1014 1388 1116 1449 obiter
1144 1388 1321 1469 perlegerit
1352 1393 1404 1452 in-

209 1476 367 1557 telleget⁶)
396 1484 427 1537 et
449 1474 634 1536 confirmant
657 1474 801 1536 subsidia
825 1474 876 1536 illa
900 1477 932 1536 in
955 1474 1002 1536 eis
1024 1473 1111 1552 locis,
1145 1473 1186 1535 ad
1213 1493 1296 1554 quae
1322 1478 1403 1539 haec

210 1570 329 1622 extant.
369 1560 474 1640 Atque
497 1568 533 1621 ut
556 1561 696 1621 omittam
718 1561 955 1641 neglegentium
971 1559 1172 1621 librariorum
1187 1560 1319 1622 calamis
1337 1583 1401 1625 non

208 1665 309 1726 pauca
330 1645 504 1708 uerborum
527 1655 664 1706 monstra
688 1644 855 1724 excidisse,
881 1656 916 1707 ut
939 1646 1078 1706 omittam
1101 1646 1200 1707 uerba
1223 1646 1337 1708 eadem
1362 1650 1402 1711 ab

210 1731 418 1793 oscitantibus
441 1730 617 1792 artificibus
646 1731 700 1791 uel
730 1731 835 1812 potius
866 1730 1032 1812 opificibus
1063 1750 1157 1813 saepe
1185 1730 1225 1794 ad
1254 1733 1403 1796 taedium

208 1836 312 1896 usque
335 1817 480 1897 repetita,
507 1817 566 1878 tria
589 1818 788 1896 potissimum
811 1826 885 1878 sunt
908 1836 1024 1898 genera
1039 1817 1226 1879 mendorum
1243 1820 1277 1879 in
1296 1821 1330 1898 G,
1360 1820 1401 1883 de

208 1902 327 1982 quibus
350 1904 400 1964 hic
423 1902 566 1964 breuiter
589 1901 759 1964 dicendum
782 1911 846 1964 est:
873 1912 927 1965 aut
950 1905 1034 1964 enim
1054 1904 1239 1983 compendia
1254 1908 1403 1986 scriptu-

209 2007 274 2067 rae,
301 1990 438 2068 quaein
462 1987 568 2049 codice
590 1989 644 2049 illo
668 1989 839 2070 archetypo
863 1989 1028 2068 extabant,
1056 2009 1096 2050 ex
1119 2008 1181 2068 quo
1204 1991 1403 2055 Veronensis

209 2073 390 2155 descriptus
414 2084 478 2152 est,
511 2073 601 2136 ioede
624 2075 736 2136 uitiata
759 2085 851 2154 sunt,
883 2084 938 2137 aut
969 2076 1084 2137 scholia
1115 2076 1184 2136 siue
1208 2076 1402 2155 glossemata

208 2179 289 2240 quae
312 2161 386 2221 olim
410 2161 442 2220 in
465 2162 607 2240 margine
630 2160 683 2221 uel
706 2161 789 2221 intra
812 2180 926 2223 uersus
948 2159 1107 2240 adscripta
1130 2171 1229 2240 erant,
1263 2162 1297 2222 in
1321 2183 1403 2226 ner-

207 2245 320 2307 borum
344 2255 527 2307 contextum
552 2247 758 2327 irrepserunt,
784 2256 839 2308 aut
861 2248 953 2328 plura
974 2247 1074 2308 uerba
1096 2257 1226 2327 propter
1248 2248 1403 2312 homoeo-

208 2332 348 2394 teleuton
372 2331 616 2394 interciderunt.
664 2333 746 2395 Haec
776 2333 974 2413 potissimum
1005 2351 1134 2394 necesse
1166 2342 1215 2394 est
1247 2352 1341 2396 nosse
1369 2348 1403 2399 et

206 2420 309 2481 animo
339 2438 465 2499 semper
494 2419 630 2499 agitare,
662 2419 718 2480 ubi
746 2420 779 2479 in
810 2417 1008 2481 emendando
1037 2419 1104 2480 loco
1136 2419 1241 2498 aliquo
1271 2418 1402 2484 difficili

205 2513 301 2585 atque
324 2505 489 2586 scopuloso
512 2505 663 2567 uerseris.

291 2588 335 2653 Ac
358 2601 443 2652 certa
467 2590 532 2651 fere
556 2590 774 2664 emendatione
797 2591 889 2671 longe
913 2592 1069 2671 plurimae
1092 2609 1200 2652 earum
1229 2603 1403 2672 corrupte·

206 2677 309 2738 larum
339 2675 414 2739 libri
440 2677 463 2736 G
491 2679 595 2738 sanari
626 2686 774 2756 possunt,
809 2695 890 2756 quae
920 2696 960 2737 ex
990 2678 1166 2757 scripturae
1197 2679 1403 2756 compendiis

207 2763 393 2842 saepissime
416 2761 568 2823 adhibitis
591 2770 676 2823 ortae
699 2772 791 2838 sunt;
819 2770 935 2823 certam
959 2763 1043 2823 enim
1066 2764 1220 2824 rationem
1243 2772 1401 2843 certaque

207 2856 379 2928 praecepta
402 2846 611 2908 librariolos
602 2864 635 2907 m
658 2836 847 2909 adhibendis
875 2848 958 2908 notis
981 2848 1053 2908 olim
1078 2859 1202 2911 secutos
1225 2867 1295 2909 esse
1320 2870 1404 2912 con-

205 2940 278 2993 stat.
324 2932 429 3010 Atque
455 2950 525 2994 cum
550 2932 577 2993 is
601 2931 717 3012 codex,
751 2952 791 2994 ex
821 2951 883 3012 quo
905 2933 1094 2995 Veronensis
1124 2934 1305 3014 descriptus
1335 2946 1399 3018 est,

206 3016 399 3079 illiusmodi
422 3017 619 3098 compendiis
642 3020 711 3082 siue
735 3019 817 3079 notis
840 3017 1060 3100 abundareti),
1096 3019 1212 3081 iactum
1236 3028 1284 3080 est
1307 3032 1346 3083 ut
1368 3024 1401 3086 is

204 3102 263 3183 qui
282 3104 494 3165 Veronensem
518 3106 677 3183 exorauit,
704 3123 775 3166 cum
798 3106 831 3165 in
856 3124 891 3166 eo
916 3104 999 3184 quod
1023 3105 1230 3186 profitebatur
1252 3124 1315 3166 non
1340 3126 1401 3169 ae-

205 3207 268 3269 que
291 3199 387 3269 atque
411 3190 605 3268 antiquiores
628 3191 741 3252 notarii
765 3190 952 3269 excelleret,
979 3191 1057 3252 alias
1080 3202 1169 3253 notas
1191 3191 1272 3253 male
1296 3192 1401 3254 intel-

272 3379 297 3440 li)
318 3377 393 3430 Cori.
418 3377 449 3428 ca
465 3391 586 3442 prooem.
606 3392 666 3443 pag.
679 3393 736 3428 xxix
750 3392 806 3444 seq.

275 3449 296 3509 6)
318 3447 479 3498 Abundasse
499 3446 622 3498 codicem
641 3449 833 3512 archetypum,
860 3462 890 3498 ex
909 3462 962 3512 quo
981 3449 1145 3498 Veronensis
1167 3449 1321 3512 descriptus
1341 3454 1396 3512 est,

205 3516 357 3578 scripturae
381 3516 550 3581 compendiis
576 3529 638 3566 eum
662 3529 712 3581 per
737 3530 765 3567 se
788 3517 877 3581 palam
902 3520 943 3567 est
965 3520 1023 3566 tum
1047 3519 1105 3581 ipse
1130 3517 1185 3567 dixi
1208 3519 1236 3567 in
1260 3521 1397 3581 prooemii
1437 3574 1439 3579 ,

205 3585 360 3648 apographo
378 3597 440 3635 meo
458 3585 603 3649 praemissi
622 3598 682 3649 pag.
697 3600 729 3635 xx
748 3585 790 3635 his
807 3586 914 3636 uerbis:
942 3588 1065 3636 »constat
1085 3623 1136 3636 ...
1157 3586 1337 3650 archetypum
1364 3602 1398 3638 ea

203 3655 290 3702 aetate
309 3656 447 3703 exaratum
470 3653 567 3714 fuisse,
588 3668 642 3719 qua
661 3655 726 3704 artis
744 3655 856 3705 notandi
875 3655 1130 3705 studia’lactissime
1147 3657 1277 3717 uigerent.
1286 3674 1297 3699 ι
1332 3657 1397 3707 Dixi

205 3722 295 3771 autem
314 3721 436 3783 luisse,
457 3736 512 3773 non
530 3736 608 3773 esse
627 3723 781 3788 ideo,=quia
800 3723 885 3774 codex
904 3725 1066 3787 archetypus
1084 3722 1167 3774 hodie
1186 3737 1238 3773 non
1258 3730 1394 3787 superest.

205 3788 295 3840 Verba
314 3802 374 3840 mea
394 3790 473 3840 aliter
497 3792 667 3842 intellexit}
688 3792 717 3843 B
738 3793 869 3843 Polenaar
891 3793 919 3843 in
938 3793 1113 3855 Mnemosyne
1134 3793 1206 3854 (nou.
1225 3805 1276 3842 ser.
1294 3792 1350 3842 uol
1370 3809 1398 3844 ιι

201 3871 262 3922 pag.
286 3862 333 3907 tta
354 3859 452 3922 seqq,)
479 3862 555 3923 quasi
576 3861 703 3911 dixissem
723 3861 899 3926 archetypum
918 3875 978 3911 eam
996 3863 1112 3911 aetatem
1131 3862 1319 3921 antecessisse,
1339 3877 1398 3926 qua

202 3927 291 3977 studia
311 3927 424 3977 notandi
437 3928 583 3979 laetissime
596 3931 728 3994 uigerent.
761 3932 843 3981 Recte
856 3943 899 3979 me
912 3931 946 3980 de
960 3931 1104 3980 notarum
1098 3943 1125 3979 m
1139 3931 1233 3980 codiee
1245 3899 1397 3996 aroh'etypo

198 3993 353 4060 frequentia
381 3995 514 4047 iudicasse
537 3998 617 4049 docet
642 4013 719 4049 rnnsx
743 4011 862 4051 rorravu
886 3999 1039 4063 apographo
1065 4011 1125 4049 meo
1155 4000 1222 4064 (pag.
1243 4001 1395 4064 253-342)

197 4065 351 4122 subiectus.
