2902 4830
187 264 222 314 tv
240 263 368 328 §re-se
568 301 654 312 .-
699 267 759 331 178
803 302 889 314 ,-

187 452 311 516 scholae
341 463 488 517 auctores
516 463 632 534 putant
660 465 710 517 tcr
739 475 813 517 eum
843 455 1000 536 mancipio
1036 455 1105 518 dari
1140 455 1270 535 debere,

186 537 264 617 quia
293 541 436 621 lage*
393 561 435 603 ιιι
463 540 644 604 tabularum
674 551 801 605 cautum
831 541 889 621 sit,
883 537 1018 689 ,pao
1000 543 1092 605 aliter
1118 543 1204 623 filins
1237 543 1274 605 de

183 631 329 704 potestate
357 646 403 708 pa
404 624 478 713 tris)
505 636 615 706 exeat,
654 647 750 708 quam
786 629 813 689 si
844 637 893 689 ter
934 627 1018 690 uerit
1051 629 1270 709 mancipatus;

187 708 321 776 sabinos
343 723 376 776 et
391 715 518 776 Cassius
540 713 702 795 ceterique
725 723 796 775 nost
798 732 851 776 rae
873 715 998 775 scholae
1021 723 1167 776 auctores
1182 713 1275 777 suifi-

185 814 259 857 oerc
289 818 384 862 unam
412 798 676 880 mancipationem
708 798 927 880 crediderunt,
959 809 990 861 et
1012 801 1083 862 illas
1105 809 1172 863 tres
1194 801 1305 881 legiae

186 905 227 946 ιιι
250 884 430 949 tabularum
454 886 495 949 ad
516 885 713 950 uoluntarias
735 847 986 967 mancipatidnes
1007 886 1180 967 pertinere.

120 980 161 1039 80
273 973 356 1034 Haec
377 972 422 1035 ita
444 972 484 1035 de
506 973 558 1034 his
580 972 726 1052 personis
741 991 823 1052 quae
839 971 873 1033 in
888 981 1044 1053 potestate
1060 968 1176 1056 (sunt),
1204 972 1274 1035 siue

185 1077 226 1120 ex
241 1057 412 1142 contraictu
434 1058 503 1122 siue
519 1077 560 1120 ex
574 1058 728 1121 maleficio
745 1077 855 1120 earum
991 1072 1003 1082 ··
1150 1105 1158 1121 .
1188 1058 1274 1139 quod

183 1163 261 1207 uero
285 1145 324 1207 ad
347 1165 398 1208 eas
423 1142 426 1228 1
451 1164 604 1225 personas
627 1143 765 1224 quaein
788 1164 885 1207 manu
900 1143 1101 1224 mancipioue
1117 1152 1204 1225 sunt,
1230 1144 1274 1208 ita

183 1230 235 1293 ius
258 1230 384 1311 dicitur,
412 1241 448 1294 ut
470 1249 542 1294 cum
565 1250 605 1292 ex
627 1239 786 1293 contractu
809 1250 919 1293 earum
941 1239 1065 1312 agatur,
1092 1231 1157 1293 nisi
1178 1230 1221 1294 ab
1238 1251 1273 1293 eo
1291 1248 1317 1291 to

183 1316 276 1379 cuius
305 1317 368 1380 iuri
398 1318 560 1380 subiectae
590 1316 670 1397 sint,
703 1319 737 1378 in
765 1316 903 1378 solidum
926 1315 1156 1397 defendantur,
1191 1316 1274 1380 bona

183 1422 265 1483 quae
289 1424 398 1466 earum
421 1404 527 1467 futura
550 1403 662 1481 forent,
688 1403 715 1465 si
731 1404 799 1465 eins
815 1404 879 1464 iuri
892 1403 1054 1465 subiectae
1070 1422 1135 1464 non
1150 1411 1269 1482 essent,

182 1499 332 1553 ueneant.
367 1489 424 1552 sed
447 1510 519 1553 cum
542 1491 679 1551 rescissa
701 1490 810 1570 capitis
832 1489 1034 1551 deminutione
1057 1508 1127 1551 cum
1148 1491 1190 1552 iis
1212 1488 1273 1551 im-

182 1577 270 1658 perio
293 1578 469 1640 continenti
489 1576 601 1638 iudicio
618 1573 631 1656 11
647 1575 762 1656 agitur,
787 1573 1341 1707 ww

181 1753 209 1800 in
230 1749 250 1800 G
267 1751 316 1811 topi
333 1750 473 1810 nequeant)
632 1661 635 1746 ὑ

1074 1904 1196 1912 ——
1209 1869 1256 1923 ῑιῑι

180 1953 362 2016 tabularum

492 2042 520 2100 (7
537 2051 630 2089 nereus
647 2042 675 2089 in
696 2037 715 2088 C
732 2040 781 2102 topi
798 2040 937 2101 nequeant)

114 2165 150 2224 ot
179 2162 1246 2238 ——--—-——---—--aaer
1286 2173 1312 2219 o

180 2267 255 2328 ergo
270 2248 335 2310 esti
770 2245 1108 2309 diximus—non
1123 2248 1267 2331 permis-t
1276 2257 1345 2321 paen

180 2352 250 2396 sum
280 2334 378 2396 tuerit
406 2334 436 2394 ei
465 2343 605 2395 mortuos
635 2332 779 2394 homines
802 2331 938 2412 dedere,
967 2342 1073 2397 tamen
1105 2335 1168 2395 etsi
1198 2335 1268 2414 quis

180 2439 253 2482 eum
276 2419 401 2483 dederit
423 2417 479 2499 qui
502 2417 563 2480 fato
587 2438 644 2481 suo
666 2420 734 2481 uita
756 2421 938 2498 excesserit,
972 2438 1074 2500 aeque
1097 2418 1266 2482 liberatur.

114 2511 156 2570 82
265 2508 366 2569 Nunc
384 2505 575 2568 admonendi
604 2525 715 2567 sumus
738 2523 831 2586 agere
853 2524 910 2567 nos
932 2514 988 2568 aut
1010 2513 1118 2567 nostro
1141 2507 1268 2568 nomine

179 2601 235 2656 aut
256 2594 376 2672 alieno,
410 2593 512 2654 ueluti
536 2591 726 2672 cognitorio,
752 2592 987 2672 procuratorio,
1013 2590 1148 2671 tutorio,
1177 2611 1267 2655 cura·
1283 2605 1308 2651 n

178 2709 230 2727 ΛΜ
235 2710 469 2726 κννννννννννκνκ.
852 2709 1266 2726 Anmvxmnmxmxmwwww

247 2762 306 2827 §82
325 2763 396 2814 coni.
417 2765 482 2814 Inst.
499 2766 523 2826 i,
538 2767 570 2812 to
584 2777 624 2828 pr.

181 2863 844 2879 ΛΛΛΛΛΛΛΛΛΛΙᾺΛΛΙΨΧΛΛΛΛΝΝΛΛΛΛΛΛΛΛΛΝΝΛΛΛΙΝ
1232 2863 1265 2879 W

247 2919 313 2964 t-e
331 2913 359 2982 11
377 2919 477 2967 addidit
491 2917 621 2968 Goesciicn
638 2918 649 2981 11
667 2920 681 2966 i
700 2921 809 2968 nostrae
824 2917 963 2975 Gaeseiien,
978 2916 1080 2966 nostris
1096 2915 1115 2967 G
1132 2917 1144 2980 1
1163 2921 1177 2966 5
1196 2917 1256 2968 illas

178 2984 252 3034 illam
272 2983 292 3034 C
308 2985 319 3048 11
339 2991 352 3034 7
372 2988 436 3036 sunt
454 2988 553 3036 addidit
572 2986 711 3046 Goeschon,
732 3000 780 3036 orn.
796 2985 822 3044 C,
843 2985 910 3048 conf.
934 2984 965 3034 0⁸
979 2988 1104 3049 papini
1123 2990 1243 3040 narmi
1263 2981 1266 3052 1

179 3056 192 3100 8
209 3057 268 3114 post
285 3066 380 3104 earum
399 3055 507 3104 Btotime
524 3057 551 3105 in
573 3055 607 3106 ΟΠ
625 3056 752 3106 inomisia
770 3059 841 3106 esset
857 3056 900 3105 aet
917 3055 1013 3105 similia
1033 3054 1110 3117 (conf.
1134 3053 1176 3115 0)
1197 3056 1264 3119 lepti,

177 3123 205 3170 in
222 3124 314 3184 quibas
332 3123 449 3173 Huschke
467 3125 655 3173 controuersia
673 3127 745 3175 esset
766 3125 823 3187 (pro
841 3123 1027 3174 controuersia
1045 3123 1090 3184 sit)
1110 3125 1194 3174 tatere
1206 3137 1266 3174 oon·

176 3193 249 3250 iecit;
274 3195 462 3242 sententiatum
479 3194 590 3242 concaui
607 3192 720 3257 sufficiat
738 3207 759 3243 e.
770 3206 797 3256 p.
819 3195 916 3256 agatur
937 3190 949 3256 1
973 3195 1002 3240 to
1023 3195 1119 3256 agatur
1138 3193 1264 3254 Huschke,

175 3263 302 3323 ageretur
316 3259 349 3310 0Ω
367 3261 378 3324 11
398 3265 429 3309 te
448 3261 507 3311 eius
519 3261 571 3310 iuri
587 3261 726 3322 Goeschon,
746 3275 778 3312 eo
792 3263 869 3313 iure?
884 3261 912 3323 G,
927 3261 994 3324 conf.
1013 3260 1046 3311 0³
1054 3274 1118 3324 pop.
1133 3267 1185 3315 eet
1198 3261 1247 3324 inl.
1258 3259 1267 3324 11

178 3333 208 3377 te
233 3330 349 3380 rescissa
374 3330 471 3393 capitis
495 3330 675 3380 diminutione
700 3344 764 3380 cum
788 3331 822 3381 iis
846 3330 972 3392 Huschke,
997 3331 1204 3395 rescissipnpiis
1225 3331 1267 3380 oei

174 3399 258 3448 sintita
275 3400 373 3461 oiionid
388 3398 442 3449 0¹¹?
460 3398 537 3461 (conf.
553 3397 594 3459 0⁶)
616 3397 627 3461 11
647 3401 676 3447 tt
693 3403 753 3462 post
771 3401 859 3462 agitur
871 3399 989 3449 Huschke
1000 3401 1159 3449 contendam
1167 3400 1266 3462 probo-

176 3467 260 3517 bititer
278 3469 324 3518 noc
340 3470 416 3518 modo
431 3471 548 3532 perficit:
571 3469 594 3518 si
612 3468 746 3519 aduersus
764 3481 826 3518 eam
844 3470 980 3518 actionem
999 3480 1053 3517 non
1072 3467 1264 3527 defendantur,

176 3536 258 3585 etiam
278 3539 419 3601 cumipse
438 3538 560 3599 muliere,
581 3537 647 3586 dum
665 3538 692 3587 in
711 3539 861 3598 mennaei,
881 3538 924 3600 agi
942 3539 1041 3603 potest,
1062 3537 1127 3601 quia
1144 3541 1205 3588 tum
1225 3542 1267 3588 tu·

176 3606 243 3655 toris
260 3608 410 3657 auctoritas
428 3607 585 3657 necessaria
603 3619 656 3655 non
675 3610 725 3656 est.
754 3607 885 3670 epibatae
902 3608 993 3656 deinde
1010 3606 1041 3655 de
1052 3618 1142 3656 nonae
1153 3608 1266 3665 wdone,

174 3674 203 3721 in
220 3686 272 3734 quia
289 3678 428 3726 tractanda
444 3680 534 3726 utrum
555 3677 587 3724 de
600 3678 728 3737 pauperie
747 3681 772 3726 et
786 3680 866 3737 posto
884 3680 971 3725 octoni
987 3675 1067 3737 faeni
1083 3688 1179 3737 mene,
1199 3680 1268 3726 certe

175 3741 226 3790 dici
243 3747 330 3805 necue
345 3745 356 3806 11
374 3747 475 3794 20-Ξῖ
492 3749 552 3807 post
572 3743 656 3808 (quid)
677 3758 741 3808 ergo
763 3745 819 3805 test)
841 3742 895 3809 [ita
911 3745 1041 3807 suppleuit
1054 3713 1191 3810 Huscniad]
1209 3743 1270 3795 ini>

174 3809 238 3858 ioco
224 3811 310 3873 ofere
326 3816 450 3864 uidentur
467 3819 574 3864 entare:
598 3814 681 3864 etiam
700 3815 740 3864 si*
759 3814 793 3864 de
811 3826 864 3877 qua
883 3826 912 3862 re
931 3812 1026 3876 miodo)
1043 3811 1167 3864 diximus
1186 3814 1269 3879 qtuoi-

174 3877 241 3940 qtae)
258 3877 362 3944 [neit
338 3880 543 3948 qtuamtqtuami}
566 3896 618 3933 non
644 3880 818 3950 permislsum
836 3885 888 3932 etc
913 3883 956 3932 nei
978 3881 1089 3944 simiiia,
1116 3895 1152 3932 aa
1176 3885 1269 3946 aniene

174 3947 293 3997 idoneam
314 3955 468 4001 renuntiem
490 3953 581 4002 elicere
603 3952 706 4014 fnestra
728 3955 828 4002 conone
852 3951 863 4013 11
886 3953 918 3999 at
942 3964 1022 4014 agere
1047 3950 1124 4012 inat,
1151 3965 1204 4015 age
1225 3949 1271 4018 01

175 4017 207 4063 25
226 4016 315 4067 alieno
337 4019 357 4069 C
378 4033 437 4069 caim
460 4022 545 4070 codice
563 4021 585 4069 Ρ
602 4022 807 4080 Institutionum,
832 4020 937 4071 alieno:
963 4019 1051 4069 alieno
1071 4019 1270 4073 haemonam

173 4084 271 4135 codices
289 4091 367 4137 ceteri
386 4089 502 4149 (ΒΝ.)
