2902 4830
195 437 316 522 11§9l
341 447 400 500 etc.
424 435 530 518 etot).
568 439 671 499 Potest
693 455 767 498 sane
791 435 860 497 fieri
884 444 918 498 ut
940 437 1032 516 plura
1055 453 1149 516 quam
1171 437 1203 497 in
1228 437 1292 499 hac
1318 439 1393 502 edi-

196 527 281 588 tione
312 524 500 586 seclusimus
528 523 711 603 glossemata
740 524 773 584 in
796 521 877 584 libro
903 522 1060 598 Ginsint,
1093 542 1153 584 nec
1181 541 1261 584 uero
1294 526 1392 589 nefas

195 610 378 675 ducendum
400 618 448 671 est
470 610 503 670 in
525 618 612 671 tanta
633 609 728 670 huius
751 609 946 688 quaestionis
974 607 1160 670 difficultate
1190 628 1208 671 a
1231 621 1391 693 suscepta

195 696 295 760 semel
316 696 520 776 persuasione
544 693 726 771 discedere;
752 712 811 755 nee
833 703 938 755 tamen
953 694 1051 756 multo
1067 695 1281 775 pluraquam,
1313 717 1390 760 cum

194 783 375 844 cautissime
398 781 431 842 in
453 782 510 842 hae
531 781 715 861 quaestione
739 798 923 860 ageremus,
956 798 1013 841 nos
1036 781 1098 860 ipsi
1120 779 1317 859 delenimus,
1347 804 1390 846 ex

196 868 393 949 glossematis
414 875 481 928 orta
505 886 574 929 esse
597 876 708 928 certo
731 865 976 928 demonstratum
1000 867 1037 926 iri
1059 865 1265 944 confidimus;
1296 880 1389 932 certe

195 952 323 1016 modum
346 953 482 1015 excessit
497 954 657 1031 Polenaar,
682 971 754 1014 cum
776 952 834 1013 hac
856 949 1047 1013 emendandi
1069 951 1188 1014 ratione
1211 953 1257 1014 ita
1272 965 1389 1019 utere-

195 1049 258 1119 tur,
283 1049 320 1101 ut
342 1039 528 1120 glossemata
550 1039 723 1101 sescenties
746 1039 843 1099 latere
867 1039 1092 1115 suspicaretur.

281 1126 412 1205 Propter
433 1125 704 1187 homoeoteleuton
726 1124 825 1185 multa
848 1125 997 1184 orationis
1012 1132 1164 1186 commata
1179 1125 1212 1184 in
1229 1122 1347 1188 codice
1366 1129 1391 1188 G

196 1209 397 1274 intercidisse
427 1219 458 1272 et
481 1211 611 1274 Collatio
641 1219 735 1290 atque
758 1209 924 1272 Iustiniani
947 1210 1073 1290 Digesta
1096 1211 1388 1293 Institutionesque

194 1297 309 1360 docent
335 1307 367 1359 et
388 1296 512 1359 dudum
541 1297 738 1359 intellectum
767 1294 860 1377 est9).
909 1295 1017 1358 Sicubi
1047 1297 1080 1356 hi
1110 1295 1210 1357 fontes
1238 1296 1272 1357 in
1304 1298 1387 1361 locis

194 1391 326 1464 propter
359 1383 629 1445 homoeoteleuton
664 1383 697 1443 in
730 1382 753 1442 G
779 1381 933 1444 mutilatis
966 1400 1023 1442 nos
1057 1381 1225 1459 deficiunt,
1262 1387 1386 1462 partim

194 1479 305 1532 uetera
320 1469 454 1532 aliorum
469 1471 612 1531 uirorum
632 1467 796 1530 doctorum
811 1469 927 1548 partim
943 1486 1024 1529 noua
1040 1466 1253 1530 additamenta
1270 1488 1388 1531 exem-

196 1556 241 1637 pli
263 1557 364 1636 gratia
385 1555 544 1635 proposita
568 1556 601 1614 in
624 1562 806 1615 contextum
829 1552 959 1633 quidem
982 1553 1154 1615 uerborum
1184 1555 1384 1635 recepimuS,

194 1638 254 1702 sed
275 1649 419 1702 nostrum
441 1638 522 1701 illud
544 1640 694 1700 sollemne
718 1641 936 1716 seruauimus,
963 1648 997 1700 ut
1020 1657 1060 1700 ne
1084 1657 1179 1718 quam
1201 1641 1386 1720 grauiorem

193 1725 270 1789 libri
294 1724 441 1787 Glabem
464 1726 532 1786 sine
555 1723 754 1786 adnotatione
777 1723 1025 1786 dimitteremus:
1059 1725 1163 1786 omnia
1194 1728 1336 1804 quaein
1365 1731 1389 1790 Ο

195 1813 240 1874 ita
262 1810 387 1887 desunt,
413 1819 449 1871 ut
471 1829 511 1871 ne
534 1811 664 1872 lacunae
687 1808 818 1891 quidem
840 1810 965 1889 signum
987 1810 1089 1872 ullum
1112 1814 1144 1872 in
1171 1811 1193 1871 G
1218 1820 1323 1890 extet,
1353 1826 1387 1876 et

194 1898 245 1958 his
266 1897 393 1958 uncinis
417 1893 460 1978 <>
485 1897 661 1975 saepsimus
689 1894 778 1976 (coni.
805 1915 882 1976 eug.
908 1897 920 1956 l
943 1893 1039 1978 §lai
1061 1897 1187 1977 aliaque
1216 1896 1249 1958 id
1280 1917 1387 1978 genus

195 1981 262 2044 iere
286 1981 541 2062 innumerabilia)
565 1991 596 2043 et
618 1982 774 2044 inclinetis
797 1982 913 2043 litteris
943 1982 1152 2062 exprimenda
1181 1985 1382 2047 curauimns.

280 2069 329 2129 Ex
351 2068 401 2129 his
424 2086 505 2147 quae
528 2065 668 2129 diximus
690 2077 838 2148 apparet,
872 2085 967 2148 quam
999 2087 1093 2148 saepe
1125 2069 1158 2128 in
1181 2069 1386 2133 emendando

194 2155 270 2216 Gaio
293 2152 334 2215 ad
356 2155 551 2216 coniecturas
572 2152 795 2234 refugiendum
822 2155 873 2216 sit.
920 2154 998 2215 Cum
1020 2173 1097 2217 uero
1120 2174 1161 2216 ex
1183 2157 1230 2216 eis
1253 2159 1386 2219 coniec-

194 2241 286 2319 turis,
313 2258 394 2320 quae
416 2248 488 2320 post
510 2238 726 2302 Goeschenum
748 2259 766 2301 a
788 2239 869 2301 uiris
892 2238 992 2301 doctis
1014 2239 1055 2302 ad
1077 2239 1193 2302 codicis
1215 2241 1385 2304 Veronen-

195 2326 240 2388 sis
269 2325 485 2407 apographum
514 2326 785 2388 Goeschenianum
815 2325 997 2387 ahluhmio
1028 2327 1148 2407 passim
1176 2326 1386 2391 emendatum

195 2414 335 2493 prolatae
358 2422 451 2490 sunt,
485 2431 605 2493 paucae
632 2431 712 2475 noua
743 2430 838 2493 quam
868 2414 937 2492 ipse
960 2412 1084 2474 institui
1107 2411 1220 2474 codicis
1243 2413 1385 2478 lectione

194 2498 407 2577 confirmatae,
433 2499 532 2561 multo
554 2498 664 2579 plures
686 2499 794 2560 irritae
816 2498 915 2562 iactae
938 2499 1012 2577 sint,
1038 2500 1071 2559 in
1094 2499 1151 2559 hac
1175 2498 1386 2565 editionesor-

195 2583 301 2648 nanda
332 2603 400 2646 eam
431 2583 495 2646 iere
524 2585 609 2647 uiam
640 2583 836 2665 sequendam
866 2603 935 2646 esse
966 2582 1059 2660 duxi,
1099 2602 1194 2663 quam
1223 2603 1294 2645 cum
1325 2589 1384 2649 alii

195 2673 403 2750 praeiuerunt
427 2679 496 2732 tum
519 2670 648 2732 Carolus
670 2672 845 2732 Lachmann
876 2678 967 2731 caute
997 2671 1112 2731 tenuit.
1166 2672 1274 2750 ltaque
1306 2692 1384 2734 cum

196 2757 271 2817 olim
301 2756 425 2834 syntaxi
457 2755 593 2816 Gaianae
624 2774 713 2817 suam
743 2755 950 2817 constantiam
980 2755 1183 2836 perpoliendo
1212 2755 1384 2820 uindicare

194 2841 415 2918 instituissem,
441 2849 548 2920 postea
570 2841 603 2901 in
614 2840 768 2901 'contextu
783 2839 952 2902 uerborum
975 2842 1079 2903 omnia
1095 2861 1132 2904 ea
1147 2843 1263 2903 intacta
1280 2843 1385 2906 relin-

196 2944 296 3006 quere
319 2926 427 3005 malui,
454 2944 535 3005 quae
565 2926 671 3006 aliquo
700 2924 789 2987 modo
817 2925 892 2987 ferri
922 2945 1014 3006 posse
1042 2927 1246 3005 uiderentur3
1281 2930 1384 2993 oratio

196 3011 283 3074 enim
305 3029 498 3091 quamquam
520 3030 538 3072 a
561 3010 637 3074 Gaio
658 3011 829 3092 diligenter
850 3011 981 3074 iormata
1004 3022 1067 3093 est,
1093 3032 1156 3075 non
1179 3022 1284 3075 tamen
1309 3034 1383 3078 eam

195 3096 453 3177 aequabilitatem
487 3096 636 3160 adsecuta
670 3107 733 3177 est,
777 3116 872 3179 quam
906 3098 1122 3161 seuerioribus
1157 3099 1383 3165 Ciceronianae

194 3185 307 3246 aetatis
330 3183 539 3264 scriptoribus
562 3185 729 3245 restituere
753 3184 800 3246 ias
823 3193 882 3245 est.
921 3182 1051 3246 Accedit
1067 3184 1151 3265 quod
1167 3186 1270 3248 adhuc
1285 3206 1382 3252 nemo

197 3271 373 3333 accuratius
396 3269 435 3332 de
458 3270 504 3330 eis
531 3271 679 3332 orationis
707 3269 832 3349 legibus
863 3271 1038 3351 quaesiuit,
1073 3290 1152 3351 quas
1183 3273 1215 3332 in
1245 3271 1382 3352 reliquis

266 3509 290 3570 8)
310 3509 447 3561 Facillime
465 3523 497 3561 ea
515 3509 677 3573 glossemata
701 3511 950 3576 deprehenduntur,
976 3525 1046 3575 quae
1070 3511 1172 3567 codicis
1197 3511 1216 3562 G
1240 3516 1383 3565 corrector

199 3576 286 3639 (nobis
307 3575 345 3640 02)
366 3583 466 3630 temere
485 3593 517 3630 ex
534 3591 583 3628 suo
602 3579 708 3642 ingenio
727 3579 840 3630 adiecit:
867 3593 898 3631 ea
920 3593 975 3630 non
993 3580 1075 3630 modo
1095 3593 1295 3645 superuacanea
1314 3587 1382 3634 sunt

196 3646 247 3708 (sie
265 3646 370 3697 indices
389 3651 415 3697 et
432 3650 590 3712 argumenta
602 3649 854 3713 paragraphoruml,
875 3650 923 3701 sed
940 3652 1060 3714 exparte
1070 3662 1120 3713 per
1132 3651 1281 3701 sententiae
1293 3652 1382 3701 ratio-

195 3727 258 3765 nem
277 3728 311 3764 ne
329 3713 393 3765 ferri
411 3716 523 3779 quidem
540 3719 662 3781 possunt.

266 3784 290 3845 9)
309 3783 385 3843 Quod
404 3786 534 3836 Polennar
551 3787 579 3835 in
599 3785 773 3849 Mnemosyne
794 3788 869 3850 (nou.
887 3800 938 3837 ser.
957 3787 1012 3838 uol.
1032 3787 1065 3835 lV
1083 3799 1143 3851 pag.
1160 3790 1206 3836 tlt
1226 3788 1312 3850 seqq.)
1335 3788 1383 3837 in-

195 3852 304 3902 uenisse
322 3852 375 3902 sihi
392 3854 468 3904 uisus
492 3858 533 3905 est
556 3855 676 3918 singulos
700 3855 802 3906 codicis
826 3856 967 3920 archetypi
989 3868 1087 3906 uersus
1112 3854 1167 3905 iere
1192 3856 1381 3908 undeuicenas

195 3920 298 3972 litteras
315 3921 471 3986 complexos
489 3936 563 3982 esse,
589 3923 616 3973 id
635 3922 734 3974 frustra
752 3925 788 3975 ita
806 3925 992 3976 demonstrare
1011 3926 1125 3974 conatus
1143 3927 1198 3985 est,
1218 3927 1248 3975 ut
1265 3937 1381 3989 prorsus

195 3988 402 4040 incredibilibus
420 3993 546 4043 notarum
564 3993 692 4043 monstris
711 3996 851 4044 exaratum
870 3992 952 4045 luisse
965 3992 1089 4044 codicem
1101 3993 1279 4058 archetypum
1299 3994 1382 4044 iden-

193 4058 278 4109 tidem
296 4059 434 4110 statueret.
