2902 4830
490 329 575 340 ....
619 297 656 358 61
704 329 789 341 ....
1012 297 1179 363 1ltoe-er

100 492 186 562 sunt,
213 484 360 562 quoniam
384 484 545 545 meliorem
567 483 783 545 condicionem
798 502 888 545 suam
904 483 1006 546 faeere
1023 487 1069 547 eis
1086 487 1179 547 etiam

32 573 75 631 8l
100 569 170 630 sine
193 568 306 631 tutoris
328 569 513 631 auctoritate
540 587 722 631 eoncessum
751 579 809 630 est.
861 571 969 648 ltaque
998 572 1024 632 si
1055 571 1181 634 debitor

101 655 268 736 pecuniam
294 655 416 735 pupillo
446 655 562 733 soluat,
594 654 668 717 lacit
697 655 824 734 quidem
853 656 1021 736 pecuniam
1051 658 1175 738 pupilli,

101 739 159 803 sed
180 740 249 821 ipse
273 760 336 802 non
358 740 521 820 liberatur,
555 742 630 819 quia
651 741 771 802 nullam
794 740 1015 821 obligationem
1038 744 1181 823 pupillus

101 827 171 889 sine
192 828 306 889 tutoris
327 827 512 889 auetoritate
535 825 709 888 dissoluere
732 835 850 907 potest,
884 829 958 907 quia
987 829 1106 890 nullius
1132 830 1179 890 rei
1198 843 1212 889 5

101 913 249 975 alienatio
271 914 301 974 ei
324 913 393 974 sine
416 912 526 975 tutoris
550 913 732 974 auctoritate
748 931 895 976 concessa
915 922 978 991 est;
1005 914 1061 976 sed
1075 924 1179 976 tamen

101 998 130 1060 si
153 1017 194 1061 ex
217 1017 254 1060 ea
276 998 411 1078 pecunia
435 998 620 1079 locupletior
642 997 744 1060 factus
766 999 808 1061 sit
829 1006 862 1060 et
880 998 984 1062 adhue
998 1009 1095 1081 petat,
1121 1019 1181 1081 per

34 1087 78 1146 85
103 1085 322 1165 exceptionem
352 1083 414 1146 doli
446 1085 519 1145 mali
552 1084 745 1147 summoueri
779 1093 893 1165 potest.
952 1086 1076 1147 Mulieri
1104 1105 1180 1148 uero

100 1171 195 1233 etiem
219 1170 286 1232 sine
309 1171 422 1232 tutoris
444 1171 628 1232 auctoritate
651 1179 736 1232 reete
763 1171 846 1231 solui
874 1180 991 1251 potest;
1023 1191 1097 1234 nam
1124 1174 1179 1251 qui

101 1255 213 1335 soluit,
246 1254 400 1318 liberatur
429 1254 634 1337 obligatione,
671 1257 746 1336 quia
777 1274 828 1317 res
857 1275 916 1318 neo
946 1258 1113 1337 mancipii,
1144 1268 1180 1319 ut
1199 1273 1229 1316 to

100 1343 244 1422 proxime
267 1340 425 1419 diximus,
458 1362 476 1404 a
498 1361 532 1404 se
555 1342 714 1404 dimittere
737 1341 884 1404 mulieres
907 1343 1000 1403 etiam
1029 1345 1097 1404 sine
1128 1351 1181 1404 tu-

100 1427 178 1491 toris
198 1428 381 1490 auctoritate
403 1437 547 1507 possunt.
578 1446 768 1508 quamquam
790 1427 847 1488 boo
869 1428 913 1489 ita
936 1437 983 1490 est
1005 1429 1032 1490 si
1047 1429 1181 1509 aooipiat

100 1513 283 1594 pecuniam,
317 1520 349 1574 at
370 1515 396 1575 si
420 1532 483 1575 non
507 1515 653 1594 accipiat,
687 1513 743 1576 sed
765 1512 884 1575 habere
906 1532 941 1575 se
965 1513 1047 1576 dieat
1070 1523 1101 1575 et
1122 1533 1181 1595 per

101 1599 368 1679 aeeeptilationem
408 1601 487 1661 uelit
524 1599 694 1662 debitorem
734 1599 803 1662 sine
844 1600 956 1661 tutoris
994 1601 1180 1663 auctoritate

99 1684 250 1764 liberare,
276 1704 337 1746 non
360 1695 474 1765 potest.
1198 1700 1229 1746 45

36 1771 77 1832 86
187 1769 375 1850 Adquiritur
396 1781 501 1834 autem
524 1771 616 1833 nobis
639 1788 702 1831 non
724 1771 826 1833 solum
848 1790 906 1852 per
935 1773 1176 1852 nosmetipsos,

102 1855 160 1918 sed
187 1857 283 1919 etiam
313 1875 372 1936 per
405 1876 458 1919 eos
492 1875 571 1936 ques
607 1859 639 1918 in
673 1865 827 1936 potestate
856 1876 953 1918 manu
981 1858 1181 1937 maneipione

101 1941 269 2019 habemus3
293 1941 368 2004 item
384 1961 441 2024 per
463 1962 516 2004 eos
531 1962 640 2006 seruos
656 1943 690 2003 in
706 1941 823 2022 quibus
838 1941 1068 2024 usumfructum
1082 1943 1182 2006 habe-

40 2084 45 2092 .
102 2046 192 2104 mus3
218 2029 294 2090 item
317 2047 376 2110 per
397 2029 540 2092 homines
562 2028 679 2091 liberos
700 2037 733 2090 et
747 2047 857 2090 seruos
871 2028 991 2091 alienos
1006 2047 1085 2107 quos
1100 2028 1182 2093 bona

103 2112 166 2176 lide
188 2113 398 2194 possidemus.
429 2113 468 2176 de
491 2114 610 2194 quibus
632 2115 766 2195 singulis
781 2113 949 2195 diligenter
964 2114 1179 2196 dispiciamus.
1200 2129 1231 2174 ao

37 2200 78 2263 87
102 2199 202 2280 lgitur
225 2197 333 2284 (pud)
357 2199 451 2261 liberi
474 2202 573 2262 nostri
596 2219 676 2281 quos
698 2200 731 2260 in
746 2209 902 2280 potestate
917 2199 1080 2281 babemus,
1106 2202 1182 2263 item

102 2284 187 2364 quod
209 2288 294 2348 serui
315 2288 413 2349 nostri
435 2288 591 2368 mancipio
614 2287 774 2367 aeoipiunt
795 2287 847 2347 uel
863 2305 904 2348 ex
918 2286 1086 2349 traditione
1101 2306 1184 2349 nan-

102 2371 276 2450 oiseuntur,
309 2373 378 2433 siue
402 2371 481 2452 quid
503 2372 708 2453 stipulentur,
742 2372 795 2434 uel
818 2391 859 2434 ex
880 2371 1066 2451 aliqualibet
1089 2391 1182 2434 eausa

102 2456 289 2538 adquirunt,
321 2455 354 2519 id
375 2457 467 2520 nobis
494 2457 694 2538 adquiritur,·
725 2457 792 2538 ipse
814 2460 898 2518 enim
922 2455 935 2539 ΙΙ
957 2458 1013 2536 qui
1036 2459 1069 2518 in
1092 2467 1284 2538 pote-pagno

102 2551 183 2606 state
212 2553 318 2606 nostra
348 2553 410 2621 est,
442 2543 522 2605 nihil
557 2563 650 2606 suum
680 2542 798 2605 habere
828 2551 943 2623 petest.
993 2553 1025 2604 et
1055 2544 1125 2605 ideo
1154 2545 1182 2605 si
1200 2556 1232 2602 ae

102 2629 192 2691 berae
221 2630 385 2692 institutus
413 2630 472 2708 sit,
509 2631 571 2691 nisi
600 2638 707 2691 nostro
737 2631 827 2691 iussu
857 2628 1064 2691 hereditatem
1092 2629 1182 2691 adire

102 2733 166 2776 non
189 2724 306 2795 potest;
332 2725 363 2777 et
385 2716 412 2777 si
435 2714 615 2778 iubentibus
638 2714 729 2776 nobis
751 2713 883 2795 adierit,
909 2712 1068 2776 hereditas
1091 2715 1182 2777 nobis

102 2799 284 2880 adquiritur
305 2800 439 2881 proinde
463 2809 556 2882 atque
580 2803 605 2863 si
629 2819 685 2862 nos
708 2801 771 2882 ipsi
794 2799 929 2864 heredes
944 2801 1080 2863 instituti
1096 2820 1183 2863 esse-

172 3012 231 3079 §tt
246 3015 376 3079 merome]
391 3014 403 3080 4
417 3019 447 3066 84
466 3012 476 3083 ΙΙ
492 3014 550 3080 488
563 2983 618 3066 lere
631 3035 663 3058 ==
676 3015 734 3078 Dig.
751 3017 792 3076 tt,
808 3019 831 3076 4,
848 3019 878 3064 44
892 3028 950 3080 pr.;
970 3017 1035 3067 Inst.
1051 3019 1076 3077 4,
1091 3019 1106 3064 4
1119 3029 1160 3080 pr.
1175 3012 1184 3082 ΙΙ

102 3082 160 3148 587
180 3085 262 3147 igitar
285 3086 312 3134 et
333 3084 397 3135 inde
417 3084 452 3134 ab
470 3088 503 3134 44
526 3087 593 3146 qaod
611 3083 666 3134 lere
686 3104 717 3128 ==
736 3083 794 3148 Dig.
810 3088 852 3147 tl,
868 3088 892 3147 l,
908 3088 949 3146 44,
965 3088 993 3147 4;
1019 3083 1077 3149 487
1096 3097 1182 3148 usque

103 3151 137 3202 ad
157 3154 185 3201 44
207 3153 329 3203 tutemus
348 3152 418 3205 conf.
439 3154 504 3203 lnst,
519 3158 544 3215 4,
559 3156 584 3213 9,
600 3156 624 3213 4,
643 3152 858 3217 sequentialem
877 3173 909 3196 a
928 3155 992 3204 lnst.
1008 3157 1033 3217 4,
1047 3156 1073 3214 9,
1088 3155 1113 3203 4.

1071 3269 1182 3286 ΝΑΛΛΝΨ

174 3352 205 3397 lo
224 3349 399 3413 obligatlione
422 3350 466 3412 0¹¹,
492 3350 559 3414 eoos.
583 3350 615 3401 0²
628 3363 691 3414 pop.
705 3355 757 3402 444
775 3347 783 3417 ll
802 3354 833 3399 44
853 3350 901 3401 sed
922 3351 1059 3410 Goeeeltea,
1086 3353 1114 3399 et
1134 3349 1154 3400 0
1174 3345 1185 3415 ΙΙ

104 3421 137 3468 to
154 3418 310 3481 adquiritur
327 3423 418 3470 autem
440 3419 468 3479 0,
493 3419 645 3483 adquiritur
663 3420 738 3482 lost,
764 3419 947 3484 adquiruntur
965 3419 1027 3482 Dtp.
1052 3414 1062 3483 ΙΙ
1087 3421 1117 3466 48
1136 3431 1184 3482 per

106 3487 164 3550 uta.
178 3486 253 3549 last,
272 3489 342 3551 pro?
362 3486 405 3549 0¹1,
425 3487 490 3551 eoas.
506 3487 537 3538 0Ε
550 3501 614 3552 pag.
628 3492 679 3541 484
696 3501 766 3538 uere.
781 3490 798 3536 7
815 3485 825 3554 ll
842 3500 889 3539 eos
911 3488 1013 3546 Cleant,
1034 3499 1083 3535 orn.
1098 3486 1157 3549 Dig.
1175 3482 1185 3552 ΙΙ

104 3558 137 3604 44
156 3553 300 3618 diligenter
320 3555 348 3616 0,
367 3556 522 3621 diligentius
541 3557 600 3620 Dig.
616 3556 677 3606 lost.
695 3553 705 3622 ΙΙ
722 3561 750 3606 44
773 3556 846 3620 quod
865 3557 963 3607 addidit
977 3555 1115 3614 Goeaelten,
1135 3566 1184 3606 orn.

107 3624 128 3676 G
147 3624 222 3687 {conti
244 3624 276 3677 0⁸
290 3638 353 3689 paq.
367 3630 418 3679 444
436 3639 505 3676 uera.
520 3627 543 3686 4)
562 3621 572 3691 ΙΙ
595 3627 627 3673 44
646 3626 731 3675 nostri
750 3626 822 3689 Dig.,
843 3625 851 3674 i
874 3625 901 3684 0,
921 3624 987 3686 conf.
1009 3623 1042 3674 0⁸
1055 3636 1119 3686 pag.
1132 3627 1185 3677 444

103 3692 152 3755 ins.
172 3690 181 3758 ΙΙ
199 3696 231 3742 43
249 3693 407 3757 aliqualibet
427 3693 455 3753 C,
475 3692 597 3758 quelibet
608 3693 659 3744 alia
678 3693 737 3758 Dig.
754 3695 816 3744 lust.
835 3689 845 3759 ΙΙ
863 3694 894 3742 44
912 3693 1060 3757 adquirunt
1076 3691 1109 3744 0¹¹
1122 3692 1182 3755 Dig.

104 3761 180 3821 last„
199 3762 346 3826 adquirant
360 3763 489 3814 Goeselteo
505 3758 515 3829 ΙΙ
533 3763 590 3827 ipse
609 3762 669 3825 Dig.
685 3763 759 3822 lost,
780 3763 876 3826 ipseo?
890 3760 910 3811 G
922 3761 998 3823 (coos.
1016 3760 1119 3825 04444.
1133 3764 1183 3813 tot

103 3843 175 3880 uera.
189 3830 303 3894 44441144
323 3834 414 3882 nostra
435 3831 463 3891 0,
483 3832 595 3881 alterius
613 3830 672 3893 Dig.
689 3832 750 3881 lost.
771 3827 781 3896 ll
798 3833 825 3880 et
842 3830 904 3880 ideo
926 3830 953 3890 G,
978 3830 1095 3892 ideoque
1114 3829 1183 3893 Dig.,

104 3898 154 3950 sed
172 3898 234 3949 last.
251 3897 310 3965 1148
329 3901 409 3951 heres
427 3901 487 3965 Dig.
508 3901 582 3960 lest,
602 3899 655 3949 boo
670 3898 713 3959 01¹,
734 3900 799 3961 eoas.
819 3898 850 3949 ge
864 3911 927 3963 pag.
941 3900 992 3952 474
1009 3895 1019 3964 ΙΙ
1037 3902 1067 3947 47
1087 3897 1185 3948 iuben-

104 3966 181 4019 tibus
198 3967 257 4032 Dtg.
279 3970 350 4028 last,
375 3967 526 4020 ibonitibus
546 3968 566 4018 0
588 3965 598 4033 ll
621 3967 756 4017 hereditas
780 3968 839 4031 Dtp.
860 3969 940 4027 lost,
964 3966 1111 4017 hereditate
1139 3965 1182 4026 0¹¹,

105 4036 173 4155 aas.
192 4037 223 4088 C·
237 4049 301 4154 plag.
315 4040 365 4090 270
383 4039 394 4101 41
413 4041 445 4088 48
464 4038 578 4102 proinde
599 4036 627 4097 G,
648 4035 760 4100 perinde
774 4036 833 4100 Dig.
846 4037 909 4087 last.
927 4034 938 4102 ΙΙ
954 4036 1042 4100 adque
1058 4035 1085 4096 C,
1105 4039 1186 4099 atque

136 4107 178 4168 ·p.,
198 4118 231 4157 ae
261 4111 311 4158 nst.
