2902 4830
152 1065 475 1148 PRAEFATIO
505 1065 784 1147 GVILELMI
806 1065 1163 1146 STVDEMVND.

154 1426 268 1536 Crisis
296 1475 333 1548 in¹
352 1474 408 1537 Gai
437 1474 693 1536 Institutionibus
723 1473 900 1537 exercenda
930 1473 1050 1555 pendet
1076 1477 1248 1557 praecipue

64 1570 96 1623 et
119 1582 136 1622 a
160 1560 267 1623 codice
289 1561 462 1623 Veronensi
491 1560 591 1639 (nobis
616 1559 647 1642 0)
674 1561 800 1623 saeculo
828 1579 861 1640 p.
888 1561 961 1638 Chr.
986 1581 1018 1622 n.
1053 1561 1165 1642 quinto
1196 1563 1248 1624 uel

65 1657 155 1709 sexto
180 1647 296 1727 scripto
319 1656 351 1708 et
372 1647 412 1708 ab
435 1647 606 1727 excerptis
633 1665 713 1726 qnae
737 1646 769 1707 in
793 1646 957 1708 Iustiniani
980 1647 1118 1728 Digestis
1141 1657 1174 1708 et
1195 1649 1248 1709 ln-

65 1732 283 1795 stitutionibus
305 1733 472 1813 leguntur3
499 1732 654 1794 accedunt
673 1733 795 1793 minora
809 1732 985 1813 fragmenta
1000 1733 1118 1795 Gaiana
1132 1735 1248 1814 partim

64 1822 98 1880 in
121 1820 192 1881 aliis
221 1819 301 1880 iuris
331 1819 570 1881 collectionibus
598 1818 713 1899 partim
744 1818 829 1899 apud
860 1818 1077 1898 grammaticos
1107 1828 1244 1899 seruata,

64 1924 145 1984 quae
176 1907 376 1967 enumerauit
397 1904 530 1967 Adolfus
551 1904 731 1966 Fridericus
753 1903 887 1965 Rudorti
912 1905 946 1966 in
975 1907 1249 1967 commentationi-

62 1991 125 2052 bus
148 1991 252 2070 regiae
275 1991 453 2054 academiae
485 1991 689 2053 scientiarum
711 1990 924 2053 Berolinensis
947 2010 975 2052 a.
994 2010 1149 2052 unccetxv
1171 2011 1244 2072 pag.

63 2077 122 2138 323
142 2095 230 2157 seqq.

150 2179 273 2242 Codicis
294 2180 485 2241 Veronensis
507 2180 655 2260 rescripti
682 2178 725 2262 (in
754 2179 946 2241 bibliotheca
976 2181 1143 2260 capitulari
1173 2180 1248 2241 olim

63 2284 194 2327 numero
216 2265 269 2326 XV
292 2285 377 2327 nunc
402 2266 438 2326 t3
465 2265 589 2345 signati)
611 2265 780 2344 reliquias,
806 2273 961 2344 quotquot
982 2265 1089 2344 legere
1120 2267 1149 2327 ei
1173 2285 1249 2327 oon-

62 2353 151 2431 tigit,
184 2351 308 2430 primus
337 2349 506 2430 descripsit
528 2352 661 2411 loannes
682 2348 861 2411 Fridericus
883 2349 1064 2412 Ludouicus
1087 2350 1248 2412 Goeschen

64 2435 297 2517 opitulantibus
308 2436 500 2507 Immanuele
511 2436 634 2496 Bekker
649 2443 680 2495 et
691 2435 838 2496 Mauricio
849 2433 991 2514 Augusto
1004 2434 1043 2497 de
1055 2437 1250 2498 Bethmann-

64 2522 217 2600 Hollweg.
256 2521 319 2580 Hoc
335 2521 527 2601 apographo,
554 2518 639 2600 quod
658 2529 767 2600 postea
781 2519 899 2601 passim
916 2519 1099 2582 emendauit
1112 2521 1250 2583 Frideri-

63 2625 120 2667 cus
135 2606 277 2682 Bluhme,
303 2625 411 2667 omnes
435 2624 516 2685 quae
538 2613 610 2667 ante
639 2624 758 2667 annum
783 2605 863 2668 tarr
887 2606 1010 2686 publici
1039 2605 1119 2669 iuris
1147 2607 1248 2669 factae

62 2701 139 2752 sunt
160 2689 316 2752 editiones
331 2690 387 2753 Gai
410 2691 565 2753 nituntur.
607 2691 685 2753 Cum
707 2700 839 2772 propter
854 2691 1071 2774 imperfectam
1093 2691 1251 2755 codicisG

63 2777 229 2838 lectionem
251 2778 409 2857 permulta
433 2775 651 2840 emendatione
675 2786 805 2858 egerent
827 2779 973 2840 etmulti
996 2779 1060 2839 uiri
1075 2777 1157 2840 docti
1171 2780 1247 2840 huic

63 2882 191 2943 operam
207 2861 328 2942 darent,
347 2882 439 2925 nemo
456 2862 636 2925 Goescheno
660 2871 714 2926 aut
733 2862 920 2926 concludere
935 2862 1088 2926 subtilius
1103 2874 1158 2927 aut
1172 2884 1248 2946 pro-

63 2948 140 3010 bare
156 2950 260 3010 acrius
272 2949 469 3011 coniecturas
480 2949 600 3029 potuit;
618 2951 761 3030 proxime
777 2949 817 3011 ad
828 2951 914 3012 hunc
924 2949 1046 3012 accedit
1057 2951 1107 3012 uir
1119 2949 1158 3012 de
1171 2951 1247 3014 Gaio

60 3044 132 3116 post
152 3033 369 3096 Goeschenum
392 3036 509 3116 optime
532 3035 666 3097 meritus
688 3035 855 3117 Philippus
876 3035 1047 3099 Eduardus
1069 3037 1230 3098 Huschke.

146 3122 271 3182 Nouum
294 3120 410 3185 codicis
435 3121 459 3182 0
478 3121 695 3202 apographum
718 3122 788 3202 ipse
811 3124 903 3185 annis
927 3123 1021 3184 t866.
1049 3122 1143 3184 1867.
1163 3123 1244 3200 tcta

59 3207 202 3268 Veronae
225 3206 345 3268 confeci
368 3216 399 3268 et
418 3207 508 3269 iussu
524 3206 702 3269 academiae
718 3207 824 3288 regiae
840 3209 1044 3270 scientiarum
1059 3208 1246 3269 Berolinen-

61 3294 104 3354 sis
127 3293 170 3353 ita
193 3302 337 3354 ornatum
361 3291 448 3355 edidi
463 3311 544 3354 anno
562 3291 654 3372 tert,
680 3303 717 3354 ut
739 3294 866 3355 ueritati
881 3296 1058 3375 proximam
1074 3294 1245 3373 imaginem

59 3377 210 3440 redderet
218 3376 254 3459 ¹).
301 3380 336 3439 ln
358 3379 517 3459 prooemio
539 3379 616 3440 huic
638 3380 832 3460 apographo,
859 3380 945 3459 quod
969 3381 1006 3440 0³
1028 3387 1102 3441 nota
1124 3379 1245 3459 signifi-

60 3464 214 3543 cabimus,
240 3467 413 3544 praemisso
436 3463 476 3525 de
499 3464 571 3526 fatis
594 3474 625 3526 et
647 3464 831 3526 condicione
855 3465 971 3527 codicis
996 3465 1020 3525 G
1041 3464 1085 3525 ita
1107 3464 1174 3544 egi,
1207 3473 1244 3526 ut

60 3550 111 3611 hic
133 3550 244 3630 paucis
266 3568 302 3611 ea
325 3550 494 3611 absoluere
517 3550 620 3631 liceat,
647 3569 728 3630 quae
752 3550 792 3611 ad
806 3549 925 3613 librum
940 3552 1152 3613 Veronensem
1168 3569 1244 3631 per-

60 3635 173 3697 tinent.
214 3636 285 3715 lpse
308 3637 461 3716 pleraque
484 3655 524 3696 ex
547 3636 604 3714 eis,
631 3654 713 3715 quae
730 3644 801 3697 ante
817 3656 867 3699 me
883 3636 1044 3698 Goeschen
1066 3645 1098 3697 et
1112 3637 1243 3698 Bluhme

130 3841 153 3900 t)
176 3842 249 3891 »Gaii
263 3843 466 3892 Institutionum
486 3842 672 3891 commentarii
685 3845 821 3906 quattuor.
854 3841 962 3892 Codicis
974 3842 1139 3893 Veronensis
1151 3842 1241 3893 denuo

59 3907 149 3958 collati
167 3910 352 3975 apographum
372 3909 488 3960 coniecit
505 3913 532 3961 et
550 3912 627 3960 iussu
649 3910 805 3961 academiae
829 3911 917 3973 regiae
942 3911 1119 3961 scientiarum
1137 3911 1241 3961 Beroli-

58 3978 255 4096 {lelisgissqeffidit
273 3980 422 4030 Guilelmus
436 3979 614 4031 Studemund.
644 3980 749 4030 Prostat
760 3981 864 4045 lipsiae
883 3979 955 4044 apud
968 3979 1139 4031 Salomonem
1153 3978 1241 4030 llirzel
