2902 4830
533 319 619 332 ....
665 285 724 347 137
770 319 855 332 -.
1018 285 1234 351 urerer-ue

149 493 213 534 non
237 474 421 553 captauerit,
447 474 487 536 ad
510 476 616 554 ipsum
639 477 740 537 solum
762 476 912 555 pertinet.
947 476 1024 536 mihi
1046 495 1122 537 uero
1139 477 1235 557 quid-

150 559 230 640 quid
252 561 378 621 omnino
401 571 472 640 post
493 562 705 622 renuntiatam
735 563 917 622 societatem
949 560 1141 641 adquiritur,
1176 563 1234 623 soli

85 646 126 709 52
150 645 345 707 conceditur.
393 646 533 708 Saluitur
555 647 658 708 adhuc
680 649 810 708 societas
828 649 921 708 etiam
938 656 1036 709 morte
1052 649 1138 726 socii,
1159 651 1232 727 quia

76 734 125 793 453
153 733 209 813 qui
224 731 406 793 societatem
422 735 587 811 contrahit,
615 742 731 794 certam
748 751 915 812 personam
932 733 995 794 sihi
1018 735 1116 814 eligit.
1149 736 1234 795 Diei-

151 828 203 879 tur
225 819 319 879 etiam
342 818 452 897 capitis
476 818 690 880 deminutione
713 820 794 881 solui
817 820 1016 898 societatem,
1049 820 1124 899 quia
1147 821 1234 881 ciuili
1253 833 1266 879 4

151 904 270 966 ratione
294 905 405 983 capitis
428 904 602 967 deminutio
627 907 719 965 morti
742 914 949 984 coaequatur3
982 904 1039 967 sed
1067 907 1178 985 utique
1206 906 1233 967 si

150 990 251 1052 adhuc
274 990 472 1051 consentiant
495 993 527 1051 in
552 992 739 1068 societatem,
767 1009 848 1052 noua
870 991 999 1053 uidetur
1022 992 1163 1070 incipere
1183 1010 1234 1053 so·
1266 1030 1271 1040 ·
1348 1001 1354 1017 ⁸

84 1079 124 1138 54
151 1077 258 1137 343433.
305 1076 380 1136 Item
404 1077 430 1137 si
453 1079 543 1138 cuius
567 1097 607 1138 ex
630 1078 723 1138 sociis
752 1077 834 1137 bona
856 1078 984 1156 publice
1006 1086 1061 1138 aut
1082 1078 1233 1157 priuatim

149 1159 320 1237 uenierint,
347 1163 479 1223 soluitur
501 1165 644 1224 societas.
682 1161 739 1224 sed
762 1163 839 1224 haec
862 1169 987 1242 quoque
1009 1159 1021 1244 ΙΙ
1044 1165 1176 1224 33343433
1192 1162 1335 1237 deputet

150 1267 214 1328 qua
237 1248 406 1327 loquimur,
432 1247 464 1308 id
486 1259 533 1309 est
549 1268 630 1329 quae
647 1267 803 1310 consensu
819 1249 1016 1309 contrahitur
1030 1248 1128 1326 nudo,
1154 1250 1233 1310 iuris
1253 1262 1283 1307 43

150 1335 290 1414 gentium
315 1343 377 1412 334,
412 1335 518 1414 itaque
550 1336 633 1396 inter
656 1353 764 1395 omnes
786 1336 928 1395 homines
952 1335 1088 1396 naturali
1112 1336 1233 1396 ratione

150 1419 303 1481 consistit.
675 1440 679 1450 ·

84 1507 125 1567 55
237 1505 416 1567 Mandatum
439 1507 589 1585 consistit,
617 1507 685 1567 siue
709 1515 815 1567 nostra
840 1508 940 1585 gratia
963 1505 1148 1567 mandemus
1164 1508 1232 1567 siue

150 1593 264 1654 aliena.
306 1593 414 1672 itaque
438 1593 507 1653 siue
530 1601 566 1653 ut
589 1611 658 1652 mea
682 1591 804 1670 negotia
828 1611 927 1672 geras,
955 1592 1023 1652 siue
1037 1600 1074 1652 ut
1089 1592 1229 1671 alterius,

151 1677 380 1755 mandauerim,
400 1680 596 1739 contrahitur
611 1678 751 1740 mandati
767 1678 926 1757 obligatio,
953 1686 985 1738 et
1000 1678 1139 1739 inuicem
1155 1678 1234 1738 alter
1252 1690 1283 1736 45
1356 1752 1360 1758 ᾖ

152 1765 245 1826 314344
268 1763 446 1826 tenebimur
468 1766 499 1825 ia
522 1764 564 1842 td,
591 1764 676 1843 quod
698 1765 751 1824 uel
773 1783 824 1825 me
847 1763 907 1824 tibi
931 1764 982 1826 uel
1004 1773 1036 1824 43
1059 1764 1136 1824 mihi
1152 1763 1234 1824 bona

84 1855 126 1915 56
150 1849 212 1911 fide
241 1858 402 1929 praestare
432 1856 563 1930 oportet.
610 1851 689 1912 Nam
719 1851 744 1911 si
774 1859 828 1912 tua
858 1851 955 1930 gratia
987 1849 1044 1910 tibi
1072 1848 1230 1928 mandem,

151 1954 385 2015 superuacuum
408 1947 457 1996 est
480 1935 677 2011 mandatum;
705 1935 790 2015 quod
813 1938 897 1997 enim
921 1945 956 1997 tu
979 1945 1033 1997 tua
1053 1937 1153 2015 gratia
1168 1935 1235 1996 iae-

151 2031 244 2084 turus
266 2023 319 2097 sis,
347 2021 379 2082 id
403 2020 442 2083 de
465 2032 519 2083 tua
541 2021 707 2100 sententia,
736 2041 798 2083 non
822 2042 862 2083 ex
879 2041 947 2082 4333
963 2020 1114 2084 mandatu
1130 2021 1233 2083 iacere

151 2107 262 2169 debes,
310 2109 416 2186 itaque
439 2110 465 2168 si
490 2110 619 2170 otiosam
642 2109 809 2188 pecuniam
833 2109 916 2169 domi
931 2118 960 2168 te
975 2107 1144 2170 habentem
1160 2109 1233 2168 hor·
1252 2120 1283 2166 eo

151 2203 236 2256 tatus
259 2193 383 2271 luerim,
409 2203 445 2255 ut
468 2213 536 2254 eam
559 2194 755 2274 4333343433,
782 2197 926 2274 quamuis
949 2212 1015 2254 eam
1039 2195 1067 2254 ei
1091 2203 1233 2255 mutuam

150 2279 279 2341 dederis
301 2298 317 2340 a
342 2298 403 2359 quo
427 2298 556 2341 seruare
583 2299 645 2341 non
676 2283 835 2359 potueris,
869 2299 932 2340 non
962 2289 1067 2341 tamen
1100 2279 1233 2340 habebis

150 2384 274 2427 mecum
296 2365 437 2426 mandati
457 2368 625 2427 actionem.
664 2366 736 2426 item
766 2367 792 2426 si
825 2365 967 2427 hortatus
997 2365 1072 2442 sim,
1106 2373 1141 2426 ut
1171 2383 1234 2425 4343

149 2453 288 2531 aliquam
312 2471 444 2532 emeres,
472 2453 618 2532 quamuis
641 2469 704 2511 333
728 2450 907 2531 expedierit
929 2452 989 2512 tibi
1013 2470 1081 2511 eam
1104 2451 1228 2528 emisse,

150 2548 342 2599 nontamen
366 2538 425 2598 tihi
449 2536 754 2599 mandatitenebor.
802 2547 833 2598 34
855 2537 932 2599 adeo
964 2537 1043 2599 haec
1071 2538 1114 2596 ita
1144 2546 1228 2614 sunt,
1251 2548 1283 2595 35

770 2707 810 2720 ΝΜ
812 2705 1232 2720 ΧΛΛΛΛΛΛΛΛΛΛΛΛΛΙΧΝΛΛΜΚΝ-ΛΛΙ

219 2808 295 2874 5453
314 2830 345 2852 --
365 2810 430 2860 inst.
451 2813 474 2869 3,
496 2813 536 2871 35,
560 2809 695 2874 555453
721 2811 784 2860 inde
810 2809 843 2858 ab
864 2813 878 2858 6
897 2812 920 2859 si
943 2829 975 2851 =
999 2811 1064 2859 last.
1085 2812 1109 2871 3,
1129 2812 1171 2870 35,
1192 2813 1206 2858 8
1224 2806 1233 2875 5

149 2878 226 2944 5456
245 2878 309 2928 inde
327 2879 361 2928 ab
379 2883 411 2927 33
430 2880 516 2940 itaque
539 2891 626 2944 usque
651 2880 686 2930 ad
705 2882 732 2928 34
754 2880 850 2941 fuerim
872 2881 898 2928 34
917 2878 980 2927 inde
999 2877 1033 2928 ab
1052 2881 1083 2926 35
1103 2883 1127 2927 34
1144 2891 1232 2942 usque

148 2948 184 2998 ad
202 2961 263 3012 pag.
279 2950 367 3011 438,3
386 2948 537 3009 5333333433
556 2951 582 2997 34
600 2949 663 2998 inde
682 2947 716 2997 ab
736 2952 793 3009 438,
809 2951 823 2997 5
843 2949 904 3009 puta
923 2967 954 2989 =
973 2948 1038 2998 lust.
1054 2951 1078 3008 3,
1093 2951 1135 3008 36,
1152 2950 1175 2995 6.

1181 3096 1232 3112 Ml*

221 3209 229 3252 4
252 3205 411 3264 33431334,
436 3217 503 3254 uero
529 3218 563 3254 33
588 3205 648 3254 3443
673 3205 834 3254 correctura?
855 3202 889 3253 0¹¹
912 3202 923 3266 ΙΙ
945 3206 959 3251 4
980 3204 1135 3253 societatem
1156 3202 1231 3262 last,

150 3275 277 3323 333434343
293 3271 313 3322 C
329 3272 340 3335 ll
359 3277 441 3321 9-444
460 3275 495 3321 ad
513 3274 580 3322 4333
598 3275 681 3323 locum
699 3274 886 3323 emendandum
899 3273 977 3334 (cous.
993 3271 1043 3331 0²⁸)
1064 3283 1116 3319 333
1131 3283 1233 3331 paucae

147 3346 238 3405 pateat
260 3344 328 3391 uiae.
368 3343 488 3391 Fortasse
509 3347 617 3403 prepter
640 3344 856 3392 homoeoteleuton
881 3341 1006 3389 aoauutta
1029 3340 1232 3389 interciderunt:

150 3412 198 3461 sed
217 3411 284 3459 haec
303 3423 409 3474 quoque
422 3407 545 3476 (33343433
752 3409 759 3476 )
773 3411 890 3460 33343433
904 3409 937 3458 de
951 3422 1004 3470 qua
1017 3408 1155 3472 loquimur
1167 3412 1230 3466 etc.;

151 3485 227 3529 33334
245 3483 313 3528 euim
330 3482 373 3540 qut
392 3483 526 3540 eupecteat
543 3479 624 3528 tatto:
649 3480 716 3528 baec
734 3493 831 3541 quoque
849 3480 996 3528 societatem
1017 3489 1084 3526 3333
1108 3488 1234 3524 33333333

149 3550 325 3611 rediateprari
339 3561 429 3610 posse,
455 3549 545 3597 deiude
570 3549 716 3597 societatem
738 3551 887 3610 priuatam,
914 3547 946 3595 de
969 3559 1020 3606 pua
1044 3546 1114 3605 apua
1140 3543 1234 3592 Gaium

149 3620 246 3680 394433,
273 3620 415 3677 oppositam
433 3629 488 3665 esse
506 3617 668 3664 societatibus
682 3617 895 3676 publicanorum,
920 3627 987 3675 puae
1010 3627 1090 3674 aeque
1108 3625 1234 3662 coaseasu

148 3687 219 3735 33443
236 3687 425 3735 contrabantur
442 3697 523 3745 aeque
541 3685 575 3733 ad
590 3687 744 3746 porcaritias
758 3687 907 3745 pertineant
930 3683 941 3745 ΙΙ
966 3686 1061 3730 itt-tt
1085 3682 1150 3731 iuris
1168 3694 1234 3744 geu-

150 3755 218 3804 tium
233 3755 337 3817 Fttttap,
358 3751 634 3816 iuriscogeutium‘td
651 3752 662 3814 ΙΙ
682 3756 712 3801 45
727 3754 754 3801 43
768 3753 794 3801 id
808 3752 935 3811 Huschke,
950 3751 978 3801 id
991 3752 1017 3800 in
1034 3749 1053 3800 C
1070 3749 1081 3812 11
1102 3754 1131 3798 44
1152 3763 1234 3811 opor-

150 3826 188 3874 434
208 3823 346 3884 63333433,
372 3825 496 3886 oportere
518 3820 545 3881 0,
569 3821 636 3882 caat.
659 3819 690 3869 0²
711 3823 836 3883 papate
859 3819 870 3882 5
894 3823 924 3868 344
944 3823 969 3869 43
993 3819 1137 3869 habentem
1157 3819 1230 3879 last,

150 3896 212 3941 tuae
231 3892 356 3942 abentem
378 3890 423 3953 Cli
442 3895 469 3938 34
493 3891 619 3954 quamuis
638 3902 698 3939 3343
719 3889 858 3949 (43333333,
878 3889 970 3953 quiam
986 3888 1012 3950 C,
1033 3889 1100 3950 conf.
1124 3887 1154 3937 0³
1169 3901 1232 3950 pap.

148 3963 200 4012 297
218 3974 287 4010 uers.
303 3964 335 4011 25
361 3960 372 4024 ll
396 3964 428 4008 33
447 3960 569 4022 potueris
587 3972 621 4007 33
638 3959 758 4022 potuerit
775 3958 817 4006 334
835 3971 869 4006 ex
887 3958 1009 4021 potueric
1027 3961 1171 4006 correctum
1191 3955 1210 4006 C
1225 3953 1236 4022 ΙΙ

149 4034 181 4078 33
201 4031 223 4079 34
245 4028 272 4088 C,
298 4025 515 4095 34535443331453
537 4028 547 4090 ΙΙ
573 4029 604 4075 et
624 4027 748 4090 quamuis
769 4026 907 4085 Goeschea,
933 4026 1013 4089 qCss,
1034 4026 1101 4087 cous.
1124 4024 1155 4075 0²
1169 4038 1233 4087 pap.

148 4100 201 4149 297
219 4112 289 4147 uers.
304 4101 338 4149 33
356 4096 367 4159 ΙΙ
387 4101 417 4146 35
437 4097 549 4146 4333534
571 4096 705 4156 63333333,
728 4097 813 4145 433344
834 4093 860 4146 C.
