2902 4830
410 676 577 750 mnux
603 675 901 772 4444444444.

64 965 158 1051 Ἀχαιοί
178 971 215 1032 (tn
232 982 313 1020 uersu
331 967 474 1026 Homerico)
495 969 531 1018 111
551 971 609 1018 444.

65 1039 212 1105 Agrippina
233 1036 345 1100 (Claudii
362 1036 438 1099 uxor)
460 1037 472 1085 Ι
492 1040 532 1087 64.

65 1112 96 1162 Ι..
113 1109 238 1158 Annaeus
257 1109 359 1157 Seneca
377 1118 432 1156 cos.
453 1107 487 1166 (a.
503 1110 535 1156 46
551 1120 578 1168 4.
597 1105 656 1158 Otr.
670 1106 709 1169 4)
730 1107 754 1156 11
773 1108 832 1155 454.

64 1178 232 1231 Antoninus:
253 1173 324 1226 conl.
345 1175 483 1225 constitut'
477 1188 513 1227 ro.

64 1241 501 1307 Α4414444444ιι4441484.[494.]

65 1315 174 1380 Bithyni
195 1314 246 1376 (lex
262 1313 449 1376 Bithynorum)
471 1313 561 1364 1494.

69 1329 523 1437 0444444444414414448444444
543 1380 761 1441 (iurisconsultus)
781 1352 876 1434 11144.
896 1383 953 1430 444.

65 1448 181 1505 Caesar
203 1450 272 1502 coni.
290 1451 372 1503 Nero.

66 1519 263 1574 Cascellianum
282 1519 416 1570 iudicium
434 1519 470 1569 lV
490 1520 561 1567 466⁸.
583 1521 641 1569 469.

72 1591 101 1642 C.
116 1591 224 1641 Cassius
237 1590 368 1653 inopinus
382 1587 602 1650 (iurisconsultus)
623 1587 712 1636 1496.
732 1588 757 1637 11
777 1591 819 1638 49.
839 1590 898 1637 494.
919 1589 978 1637 444.
1000 1588 1091 1636 11144.
1113 1591 1171 1636 444.
1192 1590 1203 1634 4
1211 1589 1253 1637 to.

137 1661 197 1710 444.
217 1659 388 1711 46411449.
410 1658 469 1706 444.
491 1659 550 1706 440.

67 1728 199 1779 Claudius
216 1729 227 1777 1
246 1731 298 1777 444.
316 1727 328 1780 1
347 1728 378 1774 64
399 1724 516 1787 (444444
541 1722 612 1778 4444.
631 1725 797 1786 constitutio,
818 1725 869 1786 lex,
889 1724 1165 1776 senatusconsultum.

68 1798 225 1850 constitutio
243 1796 374 1861 principis
392 1795 403 1844 1
421 1797 446 1844 4.
468 1797 511 1848 4.,

138 1865 267 1921 Antonini
289 1863 479 1928 (imperatoris)
500 1863 656 1913 constitutio
675 1861 710 1913 de
729 1876 761 1913 eo
780 1863 827 1927 qui
850 1863 909 1913 sine
932 1874 1015 1913 causa
1039 1875 1151 1912 seruum
1175 1875 1257 1913 suum

283 1933 417 1985 occiderit
427 1934 439 1982 1
451 1935 497 1990 64;
518 1931 641 1983 eiusdem
658 1933 790 1998 principis
809 1932 967 1983 constitutio
979 1931 1013 1982 (14
1025 1931 1145 1982 dominis
1157 1932 1185 1982 in
1199 1944 1258 1982 444-

283 2015 334 2053 444
352 2001 538 2052 saeuientibus
556 2002 568 2050 1
587 2004 628 2053 5³.

182 2099 249 2107 --
286 2070 474 2151 (imperatpris)
495 2071 660 2134 rescriptum
678 2068 712 2118 de
731 2070 832 2120 erroris
851 2083 933 2120 causa
951 2069 1093 2134 probanda
1112 2071 1182 2120 144.

183 2169 250 2176 --
289 2142 352 2205 (opt'
347 2141 393 2189 imi
411 2141 515 2202 impera
516 2139 592 2200 toris)
614 2137 729 2202 epistula
747 2137 781 2187 (44
800 2137 979 2202 inpuberibus
991 2138 1155 2204 adoptandis
1173 2140 1256 2191 1464,

183 2237 250 2245 -
290 2207 479 2273 (imperatoris)
505 2208 669 2285 rescriptum
693 2205 727 2255 de
751 2205 887 2258 honorum
908 2207 1081 2271 possessione
1106 2207 1258 2257 secundum

286 2276 394 2327 tabulas
412 2276 566 2325 testamenti
584 2286 639 2324 non
657 2275 717 2323 4444
734 2272 819 2324 iactas
836 2276 922 2339 petita
937 2275 961 2324 11
980 2279 1028 2324 444
1043 2288 1099 2338 seq.
1116 2271 1135 2341 (4
1144 2272 1193 2341 49)

183 2344 476 2408 -(44444444ο444)
495 2343 658 2406 rescriptum
675 2341 710 2392 de
727 2341 863 2393 bonorum
879 2344 1052 2406 possessione
1070 2346 1165 2394 contra
1177 2342 1260 2394 tabu-

286 2412 326 2463 las
344 2427 361 2462 a
377 2411 471 2462 liberis
489 2412 614 2462 feminini
632 2423 711 2460 sexus
729 2412 813 2474 petita
831 2412 854 2461 11
874 2414 932 2464 446.

184 2507 252 2516 --
281 2479 478 2548 ,(444444444444)
499 2480 662 2544 rescriptum
679 2479 713 2531 de
732 2481 889 2546 exceptione
908 2480 964 2532 doli
977 2481 1041 2532 mali
1055 2481 1165 2546 scriptis
1177 2480 1258 2533 4444-

287 2550 368 2601 dibus
386 2549 509 2616 opposita
526 2550 550 2599 11
569 2552 640 2599 4444.

184 2646 252 2656 -
292 2620 356 2684 (diui
374 2620 423 2681 Pii)
445 2619 602 2669 constitutio
621 2617 655 2668 de
674 2618 769 2682 legatis
786 2617 964 2682 adquirendis
982 2619 1007 2668 11
1026 2622 1084 2668 496.

141 2689 245 2740 Claudii
264 2690 385 2740 edictum
403 2688 438 2738 de
451 2688 563 2749 Latinis,
583 2686 719 2751 quomodo
738 2686 780 2737 ius
792 2686 937 2746 Quiritium
951 2690 1154 2751 consequantur
1165 2688 1176 2736 1
1188 2690 1242 2740 444.

143 2759 271 2809 Hadriani
292 2758 366 2822 ((1444)
389 2758 553 2821 rescriptum
571 2756 605 2806 de
624 2756 762 2820 responsis
779 2756 955 2821 prudentium
974 2757 984 2806 1
1004 2761 1028 2805 4.

313 2855 347 2864 -
391 2826 511 2877 edictum
529 2825 563 2876 de
580 2825 689 2875 ciuitate
707 2826 827 2876 Romana
844 2824 960 2890 petenda
979 2827 991 2875 1
1009 2829 1051 2876 66.
1069 2872 1073 2880 .

313 2925 348 2932 -
391 2895 555 2960 rescriptum
573 2894 607 2945 de
625 2897 726 2944 erroris
744 2906 827 2945 44444
844 2893 984 2958 probanda
1003 2896 1014 2944 1
1033 2898 1074 2944 43.

314 2993 348 3002 —
391 2965 425 3015 de
443 2963 537 3014 liberis
555 2963 679 3013 mulieris
697 2961 798 3013 liberae
816 2976 886 3027 quae
904 2976 968 3014 cum
991 2963 1081 3015 elieno
1105 2976 1185 3014 seruo
1212 2976 1260 3014 co-

392 3034 543 3084 44444184.

314 3131 348 3140 -
393 3102 515 3153 edictum
532 3101 566 3152 de
585 3101 735 3166 peregrinis
752 3100 799 3165 qni
817 3099 869 3151 4444
886 3100 1035 3165 tiberisque
1053 3102 1112 3152 suis
1124 3101 1261 3152 ciuitatem

393 3173 541 3222 Romanam
560 3171 687 3235 petierint
704 3171 715 3219 1
734 3173 774 3219 93.

317 3265 351 3273 —
394 3238 559 3302 subscriptio
586 3238 620 3289 de
646 3239 736 3303 patria
762 3241 894 3303 potestate
924 3239 983 3289 eius
1013 3240 1061 3302 qui
1087 3251 1149 3289 cum
1176 3251 1262 3289 uxore

392 3311 539 3373 praegnata
558 3309 668 3358 ciuitate
686 3309 806 3358 Romana
825 3308 940 3358 donatus
958 3309 994 3358 sit
1010 3307 1022 3356 1
1040 3309 1083 3357 94.

317 3405 350 3413 -
393 3376 427 3427 de
451 3377 554 3427 maiore
571 3377 623 3426 4ῑ4
646 3389 795 3435 annorum,
822 3377 868 3441 qui
893 3375 1072 3427 hereditatem
1095 3376 1208 3438 adierit,
1235 3376 1262 3426 in

392 3447 528 3509 integrum
547 3445 713 3496 restituendo
731 3446 755 3495 11
774 3447 831 3494 464.

317 3543 352 3552 -
396 3515 551 3565 constitutio
570 3514 604 3565 de
622 3513 710 3579 iegato
730 3515 873 3564 extraneae
886 3526 1018 3577 personae
1031 3527 1081 3578 per
1093 3514 1263 3578 praeceptio·

394 3596 458 3634 nem
477 3582 569 3633 relicto
587 3584 610 3632 11
629 3586 697 3632 444..
772 3626 774 3630 .
1308 3594 1311 3600 ·

316 3681 351 3688 -
393 3652 556 3716 rescriptum
583 3651 616 3702 de
643 3652 794 3716 legatorum
820 3653 848 3701 et
872 3649 1146 3702 fideicommissorum
1173 3652 1264 3702 usuris

318 3817 351 3826 -
396 3789 512 3854 epistula
530 3789 565 3839 de
583 3788 733 3840 diuidenda
749 3787 942 3839 fideiussorum
966 3787 1130 3853 obligatione
1148 3789 1184 3838 111
1204 3792 1262 3838 444.

395 3861 467 3908 luta.
490 3860 548 3907 444.

151 4047 172 4110 4)
194 4044 310 4097 Nomina
328 4048 394 4112 legis
413 4047 529 4100 latorum
548 4045 619 4100 conl.
641 4046 691 4097 444
709 4060 737 4098 u.
759 4045 832 4106 ,lent
