2902 4830
508 300 593 312 .....
639 265 698 329 197
744 299 828 310 --
987 266 1021 315 lv
1039 265 1212 333 §tos-rua

438 458 465 515 (5
483 468 578 505 uersus
596 459 623 507 in
644 454 730 518 Clepi
746 458 887 515 nequeunt)

132 615 212 620 —-
231 577 340 639 intelle

436 921 464 980 (3
481 851 660 969 uersusqdltac
678 921 727 983 leps'
744 919 885 981 nequeunt)
1205 953 1209 1213 ¹
1229 848 1243 894 5

126 1041 227 1104 modis

418 1137 548 1208 paratus
563 1127 624 1188 luit

439 1215 465 1275 (ὅ
482 1226 577 1263 uorsus
594 1215 622 1262 tn
643 1211 662 1262 C
680 1213 729 1275 lopo*
746 1213 885 1274 nequeunt)

42 1252 103 1311 l66
1229 1260 1243 1307 e

436 1331 557 1394 fruetus
573 1333 732 1412 licitando,
752 1333 779 1394 is
793 1334 948 1412 tantisper
962 1333 995 1393 in
1011 1246 1312 1412 possessiondpgntt

126 1417 348 1502 oonlstituitur²
376 1421 403 1480 si
426 1419 517 1481 modo
541 1418 725 1481 aduersario
748 1437 805 1480 suo
824 1416 996 1480 fructuaria
1012 1418 1211 1498 stipulatione

126 1505 268 1588 coluerit,
302 1505 392 1566 ouius
414 1505 465 1566 uis
488 1512 517 1565 et
536 1513 677 1585 potestas
699 1506 777 1566 haee
800 1513 864 1582 est,
897 1513 933 1565 ut
956 1505 982 1564 si
1006 1513 1114 1564 eontra
1138 1523 1211 1565 eum

125 1591 162 1653 de
188 1589 391 1674 posslessione
417 1592 652 1671 pronuntiatum
670 1589 786 1671 fuerit,
819 1608 885 1650 eam
908 1609 1063 1651 summam
1086 1589 1212 1652 aduer-

127 1679 208 1737 sario
237 1679 349 1738 soluat.
398 1676 477 1738 haee
499 1685 606 1737 eutem
629 1674 746 1738 licendi
769 1676 929 1738 eontentio
953 1675 1076 1737 fructus
1099 1675 1212 1738 licita-

125 1763 168 1823 tio
190 1772 333 1841 uocetur,
360 1763 480 1824 seilicet
503 1763 579 1841 quie
1231 1775 1262 1821 ⁴5

124 1846 1022 1930 ——l———-—-—-—-.
1042 1856 1150 1927 postea
1166 1849 1213 1910 al-

125 1946 175 1996 ter
198 1932 202 2014 l
227 1935 362 1995 alterurn
385 1935 553 2015 sponsione
577 1942 741 2015 prouocat,
774 1933 862 2014 quod
890 1933 1048 1995 aduersus
1071 1933 1212 1995 edietum

125 2022 282 2102 praetoris
305 2020 480 2100 possidenti
504 2019 561 2083 sibi
584 2023 633 2082 uis
655 2020 737 2081 faeta
759 2021 811 2098 sit,
838 2028 869 2082 et
891 2020 1030 2082 inuicem
1053 2018 1145 2081 ambo
1161 2040 1213 2081 re-

126 2103 328 2189 stipulanltur
350 2105 507 2168 aduersus
530 2108 749 2187 sponsionem;
776 2105 830 2167 uel

125 2189 285 2274 ——l
309 2210 373 2254 une
403 2195 488 2253 inter
517 2211 569 2254 eos
599 2194 727 2272 sponsio
756 2193 890 2271 itemque
917 2192 1116 2272 restipulatio
1145 2211 1211 2254 uno
1231 2206 1262 2252 so
1290 2247 1292 2250 .

342 2276 390 2360 lad
412 2298 482 2339 eom
504 2277 550 2338 iit.

353 2362 356 2389 l

35 2455 110 2514 l66a
332 2391 1003 2533 {desum
1017 2445 1116 2507 iudex
1127 2447 1213 2528 apud

128 2555 223 2617 quem
239 2536 280 2598 de
303 2555 340 2597 ee
364 2533 367 2618 l
393 2554 427 2596 re
450 2535 564 2615 egitur,
592 2533 672 2595 illud
695 2533 816 2595 scilieet
838 2532 974 2611 requirit
991 2529 1100 2615 (quod)
1118 2552 1213 2613 pree-

127 2632 175 2682 tor
201 2620 369 2683 interdicto
396 2621 570 2701 conplexus
592 2629 657 2699 est,
688 2618 721 2680 id
744 2628 791 2680 est
813 2627 887 2680 uter
909 2637 1018 2680 eorum
1043 2637 1115 2680 eum
1138 2619 1212 2680 lun·
1231 2635 1262 2681 ss

128 2707 205 2769 dum
228 2727 322 2770 essue
346 2706 441 2770 aedes
463 2726 522 2788 per
544 2705 577 2767 id
599 2716 727 2786 tempus
750 2723 812 2784 quo
836 2703 1036 2767 interdictum
1051 2703 1207 2786 redditur,

128 2878 177 2893 NV*

199 2985 228 3029 to
247 2984 275 3030 in
293 2983 339 3042 eis,
359 2995 425 3043 quoe
438 2985 566 3045 popinam
583 2983 677 3032 codicis
697 2980 784 3034 Ctll
799 2985 1012 3043 praecesserunt,
1036 2980 1118 3031 Gaius
1135 2994 1213 3045 opere

128 3056 246 3113 coeperat
263 3051 294 3099 de
312 3046 402 3100 ordino
420 3056 444 3101 et
461 3053 534 3101 exitu
551 3053 746 3100 interdictorum
763 3051 914 3100 retinendae
934 3052 1105 3111 possessionis
1122 3049 1133 3113 ΙΙ
1153 3055 1213 3100 ento

127 3119 231 3169 fructus
249 3119 379 3169 liettardo
398 3121 517 3183 Krueper
534 3119 613 3182 (cons.
634 3120 761 3169 Kritisolie
783 3119 908 3168 Versuolse
926 3132 990 3181 pop.
1005 3119 1049 3178 92)
1068 3131 1090 3168 e.
1105 3132 1131 3181 p.
1151 3120 1214 3168 loeo

126 3190 242 3250 supplet:
267 3191 296 3238 et
318 3189 365 3251 qui
389 3188 558 3253 superauerit
575 3188 698 3239 fruetus
714 3187 883 3247 licitendm
904 3190 957 3238 ete.
981 3187 992 3250 ll
1017 3190 1047 3235 to
1067 3192 1127 3247 post
1149 3188 1213 3250 quie

128 3259 247 3321 Krueper
265 3271 286 3306 e.
301 3270 327 3319 p.
345 3257 407 3306 loeo
425 3258 527 3318 supplet
544 3258 579 3306 ud
596 3259 749 3307 sententium
764 3257 965 3321 perficiendam:
991 3256 1024 3305 de
1044 3267 1076 3304 eo
1095 3256 1167 3304 inter
1184 3267 1213 3307 se

127 3328 245 3385 certent,
273 3328 334 3375 uter
356 3338 452 3376 eorum
474 3326 579 3376 fruetus
603 3327 711 3376 interim
735 3326 876 3391 percipiat.
904 3327 1016 3386 postea
1034 3323 1114 3375 alter
1132 3325 1184 3373 eto.
1204 3322 1214 3390 ll

129 3400 159 3445 ts
185 3395 228 3457 sit}
255 3397 297 3445 est
317 3393 351 3445 ΟΠ
374 3393 385 3457 ΙΙ
410 3399 439 3443 te
464 3394 594 3457 Adelphos
613 3395 725 3445 Schmidt
749 3393 1056 3456 (Interdtlttenuerseliron
1075 3393 1211 3455 popm)

127 3468 164 3514 ito
182 3465 296 3526 supplet:
315 3461 368 3515 uel
386 3465 412 3513 si
428 3476 499 3513 unus
522 3467 626 3513 tentum
650 3465 797 3528 sponsione
820 3464 983 3526 prouocauit
1000 3461 1130 3521 alterum,
1149 3474 1214 3512 una

127 3534 210 3584 inter
233 3546 287 3584 eos
311 3532 439 3594 sponsio
464 3536 532 3592 ete.;
563 3533 681 3582 lluseltlse
703 3535 755 3582 ita:
783 3531 836 3581 uel
860 3530 1090 3596 stipulationibus
1114 3531 1213 3581 innotis

128 3602 233 3652 duetus
249 3615 312 3653 uns
329 3602 413 3652 inter
436 3614 490 3653 eos
513 3601 642 3662 sponsio
660 3604 712 3651 ete.
731 3601 743 3664 11
761 3604 792 3649 2⁰
810 3600 923 3663 sortasse
941 3613 962 3649 e.
976 3613 1000 3663 p.
1019 3599 1214 3660 restipulatio

127 3683 184 3719 una
207 3674 312 3722 tentum
336 3670 377 3722 ed
394 3683 463 3721 eam
480 3669 517 3720 fit
535 3672 706 3731 supplendum
724 3674 776 3729 est,·
801 3670 862 3730 quid
882 3673 942 3730 post
965 3668 1000 3718 ad
1019 3681 1078 3718 eum
1097 3667 1127 3717 fit
1144 3671 1214 3730 opud

131 3739 225 3788 Gaison
247 3743 371 3799 extiterit,
391 3741 441 3789 diei
459 3738 574 3802 nequitu
595 3743 626 3787 23
647 3751 678 3788 eo
696 3752 762 3799 quoe
776 3740 898 3799 proximo
915 3741 975 3787 onte
994 3737 1076 3787 iudex
1091 3751 1215 3800 praeees-

128 3813 227 3868 serunt,
247 3812 309 3859 duee
326 3810 381 3872 lere
400 3808 528 3858 lluselslno
545 3810 579 3857 od
597 3810 750 3858 sententium
767 3810 804 3856 ite
829 3807 945 3868 suppleri
962 3811 1085 3867 possunt:
1110 3807 1214 3857 Deinde

128 3875 208 3926 editis
226 3875 348 3929 formulis
366 3878 545 3943 sponsionum
564 3879 591 3925 et
602 3875 838 3940 restipulationum
854 3874 952 3925 iudex
964 3873 1047 3936 apud
1061 3878 1125 3938 ete,
1146 3876 1213 3939 cons.

129 3950 215 3995 tomen
236 3946 294 4008 (3³11
312 3950 343 3996 st
363 3948 437 4012 quod
456 3947 554 3996 eddidit
575 3945 717 4005 Goeselun,
738 3958 787 3996 ono.
810 3942 836 4003 0,
858 3944 925 4005 conf.
949 3943 981 3993 0Ε
995 3956 1059 4007 pop.
1072 3951 1123 3998 295
1141 3958 1212 3995 uers.

131 4018 162 4063 15
174 4014 185 4077 ΙΙ
203 4017 233 4063 26
258 4027 307 4078 per
332 4016 359 4065 id
383 4020 490 4081 tempus
511 4013 537 4075 C,
564 4028 596 4064 eo
621 4016 744 4076 tempore
763 4014 892 4063 Polenoor
914 4012 924 4075 ΙΙ
950 4013 1126 4064 interdictum
1147 4014 1214 4063 Goe-

128 4084 215 4142 solen,
235 4083 379 4134 interdicto
400 4084 442 4146 Cn,
464 4084 529 4147 eoos.
550 4082 580 4133 0³
595 4096 657 4146 pop.
669 4087 720 4132 505
733 4083 780 4146 inl.
