2902 4830
186 281 377 347 44444-444
550 309 662 329 4-
707 282 747 347 38
791 317 877 362 .·-·

97 470 155 532 tta
181 492 277 552 quam
307 472 438 552 quidam
468 471 604 535 mediam
633 481 764 550 uocant,
798 481 854 533 aut
883 472 1025 533 minima.
1070 471 1203 533 Maxima
1227 479 1276 532 est

180 560 292 640 capitis
314 559 499 638 deminutio,
526 578 598 619 cum
621 559 738 638 aliquis
762 559 858 620 simul
881 567 912 619 et
935 559 1096 619 ciuitatem
1119 566 1150 618 et
1170 556 1274 618 liher-

181 654 277 706 tatem
300 645 431 722 amittit;
459 662 541 724 quae
564 644 678 705 accidit
699 645 848 723 incensis,
874 644 931 723 qui
947 663 988 704 ex
1003 643 1103 704 forma
1119 639 1354 725 censuaiilipagt

181 732 291 792 uenire
307 731 474 807 iubentur3
494 729 581 809 quod
596 731 647 792 ius
663 727 1275 810 p————-—-i——-—

871 836 910 878 ex
925 817 995 896 lege
1009 815 1305 892 ——i———t

183 903 239 981 qui
269 911 376 963 eontra
406 922 476 964 eam
499 903 602 982 legem
625 904 658 962 in
687 902 767 963 urhe
790 904 886 964 Roma
916 897 1121 984 doimioilium
1145 899 1273 962 habue-

116 991 119 1000 “
182 989 263 1065 rint3
302 989 378 1050 item
407 988 559 1067 feminae,
600 1007 681 1068 quae
712 1007 752 1050 ex
789 989 1063 1049 senatusconsulto
1095 985 1272 1048 Claudiano

183 1075 315 1136 ancillae
338 1074 421 1136 fiunt
442 1094 551 1136 eorum
574 1074 783 1148 dominorum,
811 1073 930 1154 quibus
953 1073 1064 1135 inuitis
1087 1082 1119 1134 et
1142 1072 1273 1134 denun-

100 1159 154 1219 464
183 1160 338 1223 tiantibus
368 1180 440 1222 eum
469 1161 573 1223 seruis
604 1180 713 1222 eorum
742 1161 886 1223 coierint.
933 1161 1033 1221 Minor
1061 1160 1131 1220 siue
1165 1158 1273 1220 media

184 1255 232 1307 est
253 1247 365 1327 capitis
389 1245 566 1326 deminutio,
593 1267 666 1310 cum
689 1247 803 1309 ciuitas
819 1247 985 1324 amittitur,
1005 1244 1137 1307 libertas
1152 1245 1273 1306 retine·
1292 1258 1318 1302 44

183 1341 254 1409 444·;
288 1332 374 1412 quod
404 1332 518 1395 accidit
549 1334 577 1395 ei
609 1336 660 1394 cui
683 1352 766 1413 aqua
789 1341 821 1394 et
843 1333 909 1412 igni
931 1330 1138 1393 interdictum
1160 1330 1271 1393 fuerit.

100 1416 159 1479 toa
183 1420 308 1480 Minima
333 1428 381 1480 est
403 1420 516 1500 capitis
539 1419 723 1497 deminutio,
751 1439 823 1480 cum
846 1429 878 1479 et
893 1418 1008 1480 ciuitas
1023 1425 1055 1478 et
1069 1416 1203 1478 libertas
1219 1436 1273 1477 re-

183 1506 312 1584 tinetur,
338 1505 396 1567 sed
412 1514 513 1567 status
528 1506 665 1567 hominis
682 1513 905 1581 commutatur,
933 1501 1018 1583 quod
1034 1502 1149 1565 accidit
1172 1504 1207 1562 in
1222 1503 1273 1563 his

184 1592 241 1670 qui
264 1591 465 1671 adoptantur,
492 1592 568 1653 item
591 1592 624 1652 in
647 1591 697 1652 his
721 1609 802 1671 quae
824 1591 1054 1670 coemptionem
1076 1589 1214 1668 iaciunt,
1242 1597 1274 1649 et

184 1678 217 1737 in
239 1677 288 1737 his
312 1679 370 1755 qui
391 1677 548 1757 mancipio
571 1676 689 1739 dantur
711 1678 833 1756 quique
853 1696 893 1738 ex
908 1674 1140 1756 mancipatione
1155 1694 1273 1740 manu·
1291 1686 1317 1732 44

184 1763 373 1840 mittuntur3
411 1763 488 1825 adeo
511 1762 653 1842 quidem,
680 1772 716 1825 ut
738 1762 886 1842 quotiens
909 1763 1048 1841 quisque
1071 1761 1274 1840 mancipetur

102 1846 161 1906 463
186 1856 241 1909 aut
267 1849 527 1930 manumittatur,
561 1849 677 1910 totiens
700 1849 800 1928 capite
823 1847 1037 1910 deminuatur.
1082 1849 1145 1910 Nec
1169 1847 1272 1909 solum

185 1934 351 1995 maioribus
368 1930 509 2021 (capitis)
533 1934 804 1996 deminutionibus
832 1935 884 1995 ius
914 1931 1094 2014 agnationis
1129 1951 1273 1994 corrum-

185 2018 282 2099 pitur,
310 2020 367 2081 sed
389 2021 485 2081 etiam
506 2021 654 2097 minima;
681 2030 713 2082 et
736 2020 806 2082 ideo
829 2022 855 2082 si
880 2039 920 2082 ex
942 2018 1068 2081 duobus
1091 2018 1204 2080 liberis
1226 2019 1274 2081 al-

185 2114 289 2166 terum
312 2115 402 2186 pater
425 2108 685 2187 emancipauerit,
714 2116 786 2187 post
808 2105 928 2167 obitum
952 2107 1022 2167 eius
1045 2113 1158 2166 neuter
1180 2104 1272 2166 alteri
1290 2115 1316 2160 44

102 2188 160 2248 464
186 2190 361 2271 agnationis
384 2193 454 2254 iure
477 2203 562 2255 tutor
585 2212 655 2254 esse
684 2192 811 2273 poterit.
860 2193 952 2254 Cum,
968 2200 1074 2253 autem
1104 2190 1145 2253 ad
1174 2209 1273 2271 agna-

186 2287 234 2340 tos
257 2279 357 2341 tutola
380 2280 548 2360 pertineat,
575 2298 638 2340 non
661 2279 758 2340 simul
781 2276 820 2339 ad
843 2297 952 2340 omnes
975 2279 1125 2358 pertinet,
1153 2277 1211 2338 sed
1233 2274 1273 2338 ad

187 2384 239 2426 eos
262 2373 386 2427 tantum
409 2367 465 2445 qui
488 2367 631 2447 proximo
654 2364 755 2446 gradu
778 2373 864 2426 sunt.
883 2361 895 2446 14

186 2517 372 2532 ΑΛΛΛὟᾺΑΝΛΙ»
379 2524 389 2532 υ
394 2520 590 2534 ΨΝΝΛΛΛΙΧΛΙΜΧ.

256 2587 330 2652 4466
349 2603 436 2653 usqne
449 2589 511 2638 443
531 2592 667 2639 amittit:
682 2589 745 2638 inst.
763 2592 787 2650 t,
804 2591 844 2648 46,
862 2591 871 2634 4
893 2587 904 2650 ΙΙ
923 2585 994 2651 §tot
1012 2605 1044 2628 =
1057 2585 1123 2635 Inst.
1139 2589 1164 2644 4,
1182 2589 1223 2647 46,
1238 2581 1273 2649 444

187 2655 262 2720 §tit
282 2671 367 2722 nsque
386 2657 420 2708 ad
436 2661 466 2706 44
486 2660 529 2719 qai
548 2678 579 2700 =
599 2660 663 2708 inst.
681 2662 706 2718 4,
722 2660 764 2716 46,
780 2660 793 2703 3
812 2652 822 2722 ΙΙ
840 2654 914 2719 §itt
935 2675 966 2697 =
986 2656 1051 2704 inst.
1067 2658 1091 2714 4,
1108 2656 1148 2715 46,
1165 2657 1190 2702 7.

185 2774 272 2789 'VVVVV

258 2863 271 2908 4
291 2863 379 2910 ueniri
395 2861 505 2924 01444444
518 2863 560 2911 ius
572 2864 632 2923 qaid
645 2865 740 2912 4444444
751 2863 841 2924 suerit,
856 2863 984 2910 nescimus
989 2877 998 2920 ,·
1017 2873 1080 2909 eane
1092 2861 1143 2910 444
1154 2863 1215 2921 apte
1226 2861 1273 2908 4444

189 2930 258 2978 tratri
266 2930 475 2979 44444444444444
485 2930 786 2993 44444444444644444444
794 2934 826 2980 iis
836 2932 880 2992 qni
887 2932 1087 2992 peregrinorum
1095 2929 1273 2978 dediticiorum

188 3010 296 3046 numero
313 2999 365 3047 4444
380 3000 515 3059 proposita
527 2998 552 3063 (5
563 3000 596 3051 47
598 3000 619 3059 4.·
638 3013 700 3048 nam
717 3001 763 3049 irae
776 3002 829 3049 loeo
845 3011 897 3047 non
910 3000 940 3048 44
953 3000 985 3046 444
998 3000 1095 3060 agitur,
1116 2999 1160 3058 ani
1172 2999 1199 3045 44
1212 2997 1273 3045 arbe

189 3066 269 3114 Roma
281 3066 323 3114 444
335 3069 406 3116 intra
418 3069 583 3117 centesimam
594 3069 737 3118 miliariam
749 3074 840 3118 contra
853 3080 910 3116 4444
922 3069 1003 3129 legem
1015 3069 1216 3129 eanunorentar,
1231 3066 1273 3114 444

189 3136 220 3184 44
237 3136 270 3184 444
288 3137 332 3196 qni
356 3137 482 3184 domicilio
505 3137 540 3185 ibi
564 3138 684 3186 collocato
708 3139 789 3201 legem
809 3137 983 3194 uiolauerint;
1009 3149 1055 3184 nec
1078 3147 1142 3184 nero
1169 3135 1273 3184 consitio

190 3205 252 3267 lepis
270 3203 357 3254 Aeliae
376 3204 480 3254 Sentice
498 3210 699 3255 cousentaneum
716 3207 821 3255 uidetur
839 3217 881 3254 4444
899 3206 977 3253 44444
986 3216 1086 3265 poenae
1110 3204 1207 3262 444444,
1231 3204 1273 3264 ani

188 3275 216 3322 in
234 3273 298 3323 arbe
316 3274 396 3322 Runa
414 3274 456 3323 444
472 3276 544 3323 intra
562 3277 728 3324 centesimam
745 3276 889 3324 miliariam
906 3274 1061 3323 domicilium
1080 3273 1271 3322 collocanerint.

189 3343 341 3402 Mommsen,
353 3356 412 3392 4444
420 3343 546 3393 morandi
555 3344 717 3402 4444444444,
729 3348 758 3392 44
768 3342 883 3405 degendi
896 3346 920 3391 et
932 3340 1107 3402 consistendi,
1120 3342 1154 3390 44
1166 3342 1273 3390 domici-

189 3413 252 3461 lium
272 3414 404 3474 pertinere
424 3412 682 3475 444444444441444.
703 3418 745 3472 64,
767 3417 809 3471 ta,
828 3415 889 3470 259,
909 3411 947 3471 2),
973 3411 1089 3471 supplet:
1115 3409 1202 3469 quod
1224 3409 1274 3458 iue

189 3482 303 3545 proprie
321 3481 402 3531 hodie
421 3483 448 3531 in
473 3493 526 3531 usu
548 3494 602 3532 non
625 3484 678 3540 est;
705 3479 755 3530 sed
779 3480 930 3530 libertatem
955 3491 1060 3542 poenae
1085 3490 1169 3528 causa
1193 3477 1273 3526 hodie

189 3551 316 3599 emittunt
333 3564 372 3601 ex
389 3551 455 3612 lege
473 3550 547 3600 Aetia
566 3551 654 3600 Sentio
679 3550 725 3614 qui
744 3549 934 3599 dediticiorum
952 3561 1066 3598 numero
1085 3551 1157 3608 sunt,
1179 3548 1202 3597 si
1220 3545 1275 3606 qui

192 3620 302 3668 contra
329 3633 400 3671 eam
428 3620 529 3680 legem
558 3620 593 3669 in
616 3619 696 3669 urbe
722 3619 822 3669 Roma
851 3616 1048 3668 domicilium
1070 3615 1243 3667 habuerint
1265 3610 1275 3679 ΙΙ

192 3686 450 3760 8depuntiantibus]
465 3688 687 3739 denuntiantibus
701 3688 819 3738 dominis
835 3686 913 3747 C(aec
922 3685 1088 3749 glossemate)
1109 3684 1120 3748 ΙΙ
1142 3689 1171 3733 to
1185 3684 1275 3734 demi-

190 3755 267 3804 nutio
287 3756 361 3820 1444,
382 3758 496 3808 dimidia
518 3757 545 3818 C,
572 3757 639 3819 cons.
664 3757 695 3808 04
709 3771 772 3820 pap.
787 3758 837 3810 474
859 3754 870 3817 ΙΙ
891 3756 989 3804 ciuitas
1007 3755 1139 3804 amittitur
1163 3753 1274 3803 libertas

195 3823 222 3882 C,
242 3824 340 3874 ciuitas
358 3828 470 3889 quidem
488 3828 621 3877 amittitur
640 3825 751 3876 libertas
769 3838 836 3875 uero
851 3826 912 3873 4444.
933 3823 944 3886 ΙΙ
962 3825 1098 3873 retinetur,
1111 3823 1188 3881 inst,
1209 3823 1275 3871 reti-

191 3895 301 3942 neretur
322 3893 341 3943 C
359 3893 370 3957 ΙΙ
391 3900 490 3944 44-43
510 3897 642 3947 retinetur
660 3897 734 3955 last,
760 3895 922 3944 retineretur
943 3893 990 3955 ΟΙΙ
1010 3895 1041 3942 45
1060 3892 1107 3956 qui
1133 3891 1272 3952 Goeeciren,

192 3959 286 4023 (1⁰³0,
306 3963 373 4025 cons.
390 3963 421 4013 0⁸
435 3979 497 4029 pag.
512 3970 563 4018 494
580 3978 650 4015 aero.
665 3970 682 4017 4
700 3965 710 4027 ΙΙ
729 3968 760 4012 47
775 3962 943 4013 diminuatur
958 3962 1097 4020 Goescnen,
1117 3960 1275 4010 diminuan-

192 4031 236 4078 tur
251 4028 270 4078 G
288 4029 299 4091 ΙΙ
321 4034 350 4079 48
369 4034 519 4085 maioribus
540 4034 678 4091 doctrinan,
699 4034 802 4082 maiore
818 4030 838 4082 C
856 4030 867 4094 ΙΙ
883 4031 979 4093 capitis
998 4031 1058 4080 444.
1078 4029 1206 4088 Huschke,
1226 4041 1273 4078 om.

195 4098 223 4158 C,
243 4098 310 4160 conf.
335 4099 367 4150 G·
381 4115 443 4165 pap.
458 4105 508 4156 474
526 4116 596 4152 4444.
610 4108 643 4155 44
662 4101 674 4164 ΙΙ
692 4101 844 4165 agnationis
865 4099 1003 4160 6444444444,
1024 4098 1189 4162 adgnitionis
1211 4097 1238 4149 G.
