2902 4830
524 364 609 376 -.
654 328 694 393 53
739 364 824 376 ..-
1044 332 1067 380 11
1085 328 1209 394 §re-to

62 521 103 582 43
216 517 362 580 Ceterum
384 518 479 580 etiam
502 536 613 580 earum
635 537 743 581 rerum
772 519 923 600 usucapio
951 518 1044 581 uobis
1072 518 1211 599 conpetit

129 621 212 684 quae
234 622 297 665 non
324 624 343 666 a
371 602 498 666 domino
526 603 619 666 nobis
642 604 775 667 traditae
798 603 933 685 fuerint,
967 605 1036 666 siue
1060 603 1209 685 mancipii

128 689 194 750 sint
216 707 269 751 eae
291 708 343 751 res
364 690 434 750 siue
456 707 516 751 nec
538 690 697 771 mancipii,
726 691 753 753 si
776 689 867 752 modo
889 707 943 753 eas
964 689 1048 752 bona
1071 687 1133 750 fide
1156 708 1210 751 ac-

128 776 324 855 ceperimus,
357 793 429 837 oum
459 773 662 839 crederemus
692 794 764 837 eum
794 778 850 858 qui
871 774 1020 852 traderet,
1045 773 1208 837 dominum

62 864 104 924 44
129 878 210 922 esse.
242 861 329 941 quod
343 859 414 923 ideo
430 870 592 941 receptum
615 860 755 941 uidetur,
780 881 821 924 ne
844 880 951 923 rerum
974 860 1112 923 dominia
1135 860 1242 923 diu-a

127 947 193 1009 tius
214 946 248 1008 in
271 948 390 1009 incerto
413 955 530 1029 essent,
555 967 629 1010 cum
651 947 811 1010 sufficeret
834 946 960 1009 domino
983 946 1051 1010 ad'
1042 948 1209 1027 inquiren-

127 1031 201 1094 dam
223 1051 291 1094 rem
313 1051 405 1095 suam
426 1033 501 1094 anni
523 1042 579 1096 aut
593 1030 606 1117 44
621 1032 744 1096 biennii
774 1035 929 1115 spatium,
963 1032 1050 1113 quod
1081 1041 1208 1113 tempus
1216 1058 1276 1110 pag
1279 1047 1311 1096 44

128 1116 169 1180 ad
191 1119 419 1200 usucapionem
440 1120 614 1199 possessori
636 1119 794 1182 tributum
816 1128 875 1181 est.

60 1206 103 1267 45
213 1204 276 1266 Sed
298 1204 469 1284 aliquando
491 1204 615 1268 etiamsi
637 1205 773 1267 maxime
795 1204 869 1306 quis
890 1204 973 1266 bona
994 1202 1056 1266 fide
1072 1203 1208 1266 alienam

127 1308 195 1351 rem
217 1290 386 1370 possideat,
413 1309 475 1352 non
498 1298 604 1352 tamen
626 1290 676 1352 illi
696 1292 848 1371 usucapio
877 1288 1036 1371 procedit,
1066 1289 1158 1351 uelut
1180 1291 1206 1351 si
1227 1304 1257 1350 to

128 1376 202 1456 quis
225 1395 292 1438 rem
315 1375 468 1438 furtiuum
490 1385 546 1438 aut
568 1377 603 1438 ui
624 1394 804 1456 possessam
825 1375 999 1456 possideat3
1031 1394 1104 1438 nam
1137 1374 1208 1436 fur-

126 1461 227 1524 tiuam
249 1462 303 1524 lex
323 1464 367 1524 x'r'r
388 1461 568 1525 tabularum
584 1463 718 1543 usucapi
734 1461 891 1543 prohibet,
911 1462 946 1524 ui
961 1478 1141 1542 possessam
1155 1461 1208 1522 lex

59 1549 102 1609 46
126 1547 208 1610 Iulia
236 1557 268 1609 et
293 1549 425 1611 Plautia.
478 1544 557 1609 Item
587 1548 798 1628 prouincialia
826 1548 957 1629 praedia
986 1546 1207 1627 usucapionem
1235 1622 1238 1627 ¹

61 1633 103 1695 47
127 1651 190 1694 nou
221 1634 391 1714 recipiunt.
438 1630 529 1718 (44444
557 1627 643 1720 olim)
674 1634 819 1697 mulieris
845 1653 929 1715 quoe
959 1635 992 1695 in
1022 1641 1207 1715 agnatorum
1235 1667 1239 1676 ·

125 1719 228 1781 tutela
250 1729 335 1798 erut,
367 1739 418 1782 res
447 1720 597 1800 mancipii
619 1721 754 1801 usucapi
776 1740 840 1781 non
869 1727 1030 1801 poterant,
1063 1727 1208 1800 praeter·
1226 1733 1257 1780 44

126 1823 224 1886 quam
247 1806 275 1867 si
297 1806 337 1868 ab
360 1807 430 1887 ipsa
451 1814 556 1869 tutore
571 1800 728 1893 (auctore)
751 1804 882 1870 traditae
904 1814 1027 1883 esseut;
1054 1804 1144 1888 idque
1164 1807 1207 1868 ita
1251 1860 1254 1866 .

58 1892 101 1953 48
127 1889 196 1971 lege
218 1893 264 1952 ir‘r
286 1892 469 1955 tabularum
490 1899 613 1954 cautum
635 1899 712 1954 erat.
760 1892 837 1953 Item
870 1891 987 1955 liberos
1009 1892 1154 1954 homiues
1177 1900 1208 1953 et

126 1993 177 2037 res
199 1992 304 2040 sacras
326 1986 358 2040 et
379 1978 543 2058 religiosas
565 1978 701 2058 usucapi
723 1996 786 2039 non
808 1997 902 2058 posse
924 1977 1129 2041 manifestum
1145 1986 1204 2040 est.

58 2065 100 2125 49
126 2062 217 2136 Quod
238 2081 313 2144 ergo
335 2063 433 2144 uulgo
456 2062 575 2126 dicitur
596 2063 789 2126 turtiuarum
811 2083 920 2126 rerum
942 2074 973 2126 et
993 2065 1027 2127 ui
1042 2082 1207 2144 possessa-

125 2166 197 2209 rum
219 2150 447 2230 usucapionem
469 2169 528 2230 per
547 2151 647 2230 legem
661 2151 704 2212 ᾖ
717 2150 900 2212 tabularum
914 2149 1107 2231 prohibitam
1122 2167 1202 2228 esse,
1224 2162 1256 2209 4ο

125 2252 188 2296 non
211 2253 248 2296 eo
270 2235 427 2316 pertinet,
459 2245 495 2297 ut
522 2253 561 2297 ne
590 2237 653 2317 ipse
681 2236 735 2298 fur
762 2237 852 2318 quiue
880 2254 940 2316 per
964 2235 1032 2297 uim
1050 2235 1202 2316 possidet,

124 2339 303 2401 usucapere
321 2321 422 2401 possit
448 2320 531 2404 (nam
552 2320 628 2383 huic
650 2322 715 2384 alio
737 2321 859 2383 ratione
880 2320 1034 2401 usucapio
1052 2339 1116 2382 non
1131 2339 1206 2382 coc-

122 2405 221 2485 petit,
262 2407 338 2486 quia
371 2407 492 2469 scilicet
524 2408 608 2470 mala
637 2406 699 2468 fide
728 2405 900 2488 possidet);
945 2405 1003 2468 sed
1031 2424 1090 2468 nec
1119 2405 1205 2467 ullus

121 2491 218 2571 alius,
244 2510 437 2573 quamquam
460 2491 501 2556 ab
524 2511 560 2554 eo
581 2492 665 2555 bona
687 2490 749 2554 fide
773 2492 895 2571 emerit,
920 2490 1131 2572 usucapiendi
1153 2491 1205 2553 ius

122 2812 139 2856 2
165 2737 250 2858 ⁶§3t5
269 2753 356 2804 usque
374 2741 409 2791 ad
422 2744 449 2790 44
464 2743 596 2803 possideat
607 2739 663 2791 iere
676 2759 708 2784 ε
722 2741 786 2790 inst.
800 2743 827 2800 4,
841 2742 868 2802 4,
884 2744 894 2788 4
916 2738 928 2803 41
945 2737 958 2804 4
972 2741 1003 2789 49
1022 2737 1078 2790 iere
1091 2759 1123 2783 ε
1136 2740 1202 2790 inst.

142 2846 149 2869 ,
183 2845 190 2869 ,
223 2845 229 2858 .

193 3042 203 3087 4
222 3041 344 3089 ceterum
359 3039 496 3101 04444444,
513 3043 665 3090 ceterarum
680 3039 722 3103 044
734 3045 747 3088 9
762 3053 810 3091 444
826 3040 963 3102 dorsetae,
978 3053 1010 3090 ae
1022 3038 1042 3089 0
1052 3039 1065 3103 4
1077 3051 1123 3090 eas
1137 3038 1204 3088 044·

119 3107 208 3166 acheo,
228 3106 294 3158 440
310 3107 322 3171 44
342 3111 356 3158 8
374 3109 535 3172 possessori]
551 3109 618 3171 4444.
636 3108 869 3173 depectentes
890 3107 1009 3190 4444444
1024 3109 1098 3167 icet„
1118 3106 1200 3227 44400

119 3175 190 3238 conf.
214 3176 246 3227 04
264 3189 326 3239 pau.
340 3177 392 3231 275
416 3176 427 3239 41
448 3177 525 3228 uelut
552 3178 595 3238 04,
621 3177 705 3228 ueluti
731 3179 793 3228 lost.
813 3177 825 3241 4
844 3181 885 3226 44
900 3179 962 3241 quis
986 3179 1057 3236 4444,
1084 3177 1131 3256 qui
1152 3172 1203 3242 044

123 3244 262 3307 possideat
281 3246 352 3305 lost,
371 3246 543 3326 possideatur
563 3246 606 3308 04,
633 3247 699 3309 coos.
723 3245 755 3296 04
769 3260 832 3311 pop.
845 3251 898 3298 544
920 3245 932 3309 4
957 3250 987 3295 te
1006 3245 1203 3309 usucapionem

123 3325 176 3362 noo
203 3313 347 3376 04444444,
373 3316 503 3380 usucapio
529 3328 583 3365 non
609 3314 653 3375 04,
678 3315 745 3379 coos.
768 3315 800 3366 04
818 3328 881 3379 pop.
894 3319 943 3369 294
967 3315 978 3378 4
1003 3316 1033 3362 44
1052 3313 1203 3363 {temolim

121 3381 269 3442 0444414444,
289 3395 334 3433 res
353 3381 373 3433 0
391 3385 488 3445 (ortum
504 3384 615 3446 sortasse
638 3397 672 3434 eac
690 3382 802 3435 rubrica
819 3385 944 3434 44444444
959 3396 1010 3445 per
1026 3382 1204 3444 compendium

120 3453 150 3499 44
166 3450 305 3512 archetypo
322 3453 431 3513 scripto:
450 3452 518 3516 coos.
541 3451 574 3503 04
588 3464 649 3516 pop.
662 3457 713 3508 298
730 3465 800 3503 cers.
816 3457 848 3503 44
865 3457 890 3503 44
904 3465 966 3516 pap.
980 3456 1030 3506 299
1047 3462 1117 3501 44444.
1132 3449 1175 3510 u)
1193 3445 1203 3516 4

122 3521 154 3566 45
174 3521 234 3569 erat
254 3518 392 3586 decaetero,
412 3523 490 3572 erant
510 3520 530 3572 0
540 3520 552 3583 4
565 3524 597 3570 44
615 3524 727 3571 auctore
745 3522 843 3571 44444444
857 3520 996 3581 04444444,
1016 3531 1065 3568 oen.
1084 3516 1104 3569 0
1121 3517 1200 3581 (eoos.

121 3586 158 3637 0⁸
172 3600 235 3650 pap.
247 3589 300 3638 507
316 3601 386 3638 uere.
401 3593 497 3652 44444.
517 3593 756 3654 capacitatem.
772 3595 785 3638 4
799 3589 880 3651 seqq.)
897 3587 909 3652 4
927 3588 1040 3638 traditae
1061 3586 1199 3648 04444444,

121 3655 220 3706 tradita
236 3654 256 3708 0
272 3656 283 3720 44
301 3656 382 3720 idque
395 3657 519 3722 Sauone,
534 3658 563 3708 id
577 3657 724 3714 0444444444
736 3659 851 3708 admisse
859 3657 1022 3719 parenthesi)
1039 3654 1051 3719 41
1070 3659 1099 3704 44
1114 3654 1201 3720 legem

121 3723 144 3774 0
161 3723 173 3787 4
191 3727 302 3776 cautum
320 3728 378 3776 erat
399 3725 537 3784 04444444,
556 3724 615 3777 mii
636 3726 664 3784 0,
684 3726 751 3788 coos.
768 3725 801 3777 0¹
814 3738 877 3790 pap.
891 3729 941 3778 249
959 3737 1030 3774 aare.
1044 3730 1093 3784 25;
1113 3725 1202 3776 mani⁶

118 3791 235 3843 testatur
249 3795 352 3844 4444444
365 3795 507 3846 4444444444
523 3794 535 3859 41
553 3798 584 3843 49
604 3807 696 3845 rerum
714 3798 741 3845 et
758 3796 787 3844 ui
804 3806 992 3859 possessarum
1004 3791 1031 3852 0
1052 3795 1078 3842 et
1095 3794 1124 3843 ui
1136 3806 1202 3857 pos-

119 3873 258 3912 sessarum
277 3873 370 3912 rerum
387 3864 449 3914 4444.
469 3863 530 3926 4444
556 3862 669 3927 lege*
631 3879 667 3914 111
691 3861 843 3914 tabularum
870 3861 913 3920 04,
939 3861 1026 3926 legem
1049 3861 1201 3914 iustoci»
1138 3863 1201 3925 (oco

116 3930 197 3993 mele)
186 3930 275 3995 44444
291 3944 344 3993 seq.
365 3934 494 3994 suppleuit
514 3932 643 3982 04444444
661 3945 696 3982 eac
714 3933 776 3982 laet.
802 3928 850 3996 494
875 3931 958 3995 quiue
976 3930 1051 3988 icet,
1075 3934 1122 3982 4444
1139 3932 1201 3996 qui-

21 4050 24 4054 ,
116 4012 174 4062 que
195 3998 294 4051 044444
311 4000 505 4066 quaecum
525 4000 632 4060 huieG,
652 4001 770 4050 hislust
788 3995 950 4065 {alralcst
970 3998 1068 4063 41404
1086 4003 1117 4049 94
1136 4013 1202 4080 pos-

118 4066 251 4200 44444444,
265 4069 405 4196 4444444444
415 4070 478 4120 icat
495 4069 510 4133 11
524 4082 575 4120 nec
591 4069 619 4134 0
633 4080 667 4119 ne
680 4069 742 4119 last.
759 4064 770 4135 4
786 4070 818 4118 94
831 4079 997 4180 quamquam
1012 4067 1057 4129 04,
1074 4069 1202 4163 quamuis

131 4141 175 4187 ast
233 4149 266 4187 eo
335 4150 375 4188 eis
392 4138 454 4190 ime.
526 4165 528 4169 ⁷
610 4165 613 4168 ⁴
