2902 4830
196 313 401 378 misas-isi
589 343 674 354 ...-
718 309 759 371 32
803 343 889 354 ..-

195 504 322 585 patione
345 508 464 563 exeunt
487 499 526 562 de
547 499 648 581 patris
674 505 824 578 potestate
1066 495 1284 580 1——

379 586 592 649 manumissae
617 585 736 647 luerint
756 604 771 646 s
1032 581 1284 668 l————-

1125 794 1283 804 —-—-—

111 846 169 906 ⁴33
192 837 901 902 —————————-Admoaeadi
916 848 1017 902 autem
1029 860 1135 904 sumas
1151 842 1283 905 liberam
1301 852 1314 898 s

197 948 261 992 esse
275 929 438 991 arbitrium
454 930 483 990 ei
496 929 550 1010 qai
560 928 657 1008 filiam
673 933 701 988 et
714 946 756 989 eac
771 946 803 989 eo
819 935 952 1008 nepotem
968 929 1000 988 ia
1017 935 1165 1008 potestate
1189 929 1284 991 tobe-

196 1015 247 1095 bit,
263 1017 360 1096 filiam
375 1014 495 1097 pridem
510 1014 546 1076 de
566 1019 711 1095 potestate
732 1011 890 1087 dimittere,
917 1020 1051 1094 nepotem
1072 1033 1145 1076 aero
1169 1017 1204 1077 im
1222 1035 1283 1097 po-

196 1109 300 1164 testate
321 1103 452 1163 retimere
460 1121 470 1177 ,·
494 1101 543 1162 ael
561 1119 603 1162 ece
617 1099 739 1161 dimerso
751 1100 850 1180 filiam
865 1099 985 1181 quidem
1000 1101 1032 1161 ia
1044 1108 1190 1181 potestate
1205 1104 1284 1163 reii-

194 1207 277 1263 mere,
304 1195 437 1268 mepotem
457 1205 532 1249 aero
547 1187 774 1265 manumittere,
800 1185 850 1246 aei
871 1204 973 1247 ommes
988 1188 1040 1248 sai
1053 1186 1133 1248 iaris
1148 1187 1280 1268 efficere.

194 1275 298 1337 eadem
312 1282 340 1336 et
354 1273 390 1335 de
404 1279 564 1354 pronepote
578 1272 660 1334 dicia
680 1289 744 1333 esse
765 1271 980 1354 inteliepemas.
1302 1284 1328 1329 io

195 1541 227 1593 et
250 1531 331 1594 duae
354 1529 587 1592 intercedentes
610 1529 875 1591 manumissiones
897 1528 1032 1611 proinde
1048 1530 1139 1608 finnt,
1159 1548 1196 1591 ac
1211 1531 1346 1604 fieripagt

195 1619 308 1695 solent,
335 1636 407 1678 cum
430 1616 474 1676 ita
498 1634 569 1676 eum
589 1624 680 1695 pater
695 1615 735 1676 de
749 1624 905 1695 potestate
922 1615 1063 1695 dimittit,
1082 1624 1117 1677 at
1133 1617 1184 1677 sui
1200 1617 1282 1680 iuris

196 1703 365 1765 efficiatur.
404 1698 521 1762 deinde
543 1709 599 1761 ant
620 1702 704 1780 patri
726 1702 971 1781 remancipatur,
998 1710 1029 1764 et
1051 1701 1091 1763 ab
1115 1721 1151 1763 eo
1175 1703 1202 1764 is
1227 1703 1282 1783 qui
1301 1715 1327 1760 ts

195 1787 333 1869 adoptat,
359 1787 502 1848 uindicat
524 1786 611 1866 apud
632 1795 811 1865 praetorem
833 1786 934 1849 filium
958 1807 1050 1850 suum
1074 1808 1155 1867 esse,
1179 1798 1211 1850 et
1227 1790 1281 1851 illo

195 1883 301 1936 contra
323 1892 386 1934 non
408 1871 588 1934 uindicante
605 1868 659 1958 (a)
679 1881 826 1953 praetore
849 1873 1026 1935 uindicanti
1049 1874 1133 1936 filius
1157 1874 1282 1937 addici-

193 1968 263 2036 tur,
290 1967 423 2020 autnon
439 1957 675 2037 remancipatar
696 1959 789 2038 patrI,
816 1959 870 2020 sed
891 1958 931 2020 ab
954 1979 990 2021 eo
1013 1959 1157 2022 uindicat
1177 1961 1206 2023 is
1226 1961 1281 2040 qui

195 2043 337 2126 adoptat,
369 2043 453 2124 apad
482 2062 576 2123 quem
605 2045 746 2106 intentio
769 2043 1000 2126 mancipatione
1024 2055 1089 2124 est3
1124 2047 1181 2108 sed
1204 2067 1280 2109 sane

197 2212 1280 2233 vavvvxmvwvwmvvmwwmwwvxmmmwvvmmvvwivvxwmm

262 2301 335 2367 §aas
355 2321 387 2344 =
405 2302 464 2363 mg.
479 2305 504 2361 r,
519 2305 544 2362 r,
559 2305 607 2361 ss;
628 2302 692 2352 1nst.
711 2305 735 2363 r,
751 2306 791 2362 ra,
808 2305 834 2352 r.

195 2541 229 2591 de
246 2542 332 2606 patris
349 2542 393 2592 uel
412 2542 458 2592 aui
476 2545 575 2592 exeunt
592 2543 724 2606 potestate
742 2544 768 2592 et
786 2544 829 2592 sui
847 2543 916 2593 iuris
934 2542 1098 2594 efficiuntur.
1130 2543 1164 2594 Et
1181 2544 1210 2594 hi
1229 2545 1278 2608 ipsi

194 2610 345 2674 quamlibet
362 2624 416 2660 una
435 2611 634 2674 mancipatione
652 2610 686 2661 de
703 2612 788 2675 patris
806 2610 850 2661 uel
868 2612 912 2662 aui
924 2614 1057 2676 potestate
1070 2616 1177 2676 exeant,
1198 2615 1278 2664 nisia

193 2683 270 2743 patre
283 2678 423 2730 fiduciario
437 2681 617 2743 remancipati
629 2680 730 2730 luerint
742 2683 770 2729 et
781 2694 797 2730 a
809 2680 927 2730 naturali
939 2683 1015 2745 patre
1028 2683 1199 2744 manumissi,
1215 2695 1277 2733 suc-

194 2748 292 2798 cedere
317 2748 357 2797 eis
374 2748 504 2798 naturalis
522 2752 599 2810 pater
616 2761 669 2798 non
688 2751 785 2813 potest,
805 2750 857 2799 nisi
875 2749 1047 2813 fiduciarius,
1073 2765 1088 2800 a
1107 2765 1162 2814 quo
1180 2765 1278 2802 manu-

193 2817 269 2866 missi
288 2812 370 2881 suntl,
391 2816 569 2866 hereditatem
587 2817 774 2881 repudiauerit
795 2821 843 2867 aut
865 2817 1013 2869 decesserit
1034 2821 1078 2870 aot
1095 2822 1191 2870 similia
1208 2822 1278 2870 odiit

195 2879 331 2949 Kraeper).
361 2884 432 2934 Nam
457 2886 479 2934 si
502 2887 717 2948 remancipatam
741 2899 803 2935 eum
826 2886 880 2936 sibi
899 2888 1028 2938 naturalis
1046 2890 1123 2953 pater
1146 2888 1192 2939 uel
1211 2901 1277 2940 auus

194 2953 392 3013 manumiserit,
413 2953 471 3017 ipse
488 2954 514 3002 ei
531 2954 559 3003 in
577 2954 728 3005 hereditate
746 2956 877 3005 succedit.

264 3023 329 3068 t-a
349 3022 417 3082 (post
434 3023 574 3085 potestate)
592 3023 677 3085 [orma
698 3023 801 3073 Gaiano
819 3037 840 3075 o.
855 3038 879 3087 p.
901 3027 964 3075 tace
985 3025 1065 3088 [misse
1085 3031 1187 3087 potest:
1212 3029 1239 3077 et
1255 3027 1277 3076 si

194 3102 226 3139 ex
245 3102 275 3139 ea
295 3091 494 3153 mancipatione
511 3092 722 3142 menumieeae
735 3091 862 3153 fuerint,
880 3095 925 3144 eui
937 3094 1005 3145 iuris
1017 3093 1180 3148 efficiuntur.
1200 3095 1212 3160 ll
1230 3099 1277 3145 5-

195 3161 225 3206 tt
242 3157 422 3220 (Admonendi
433 3185 469 3195 —
480 3160 688 3223 intellegemus),
708 3173 818 3222 quoram
834 3164 973 3212 aeriorum
991 3177 1038 3213 mec
1054 3165 1115 3213 uota
1132 3178 1181 3214 aec
1197 3166 1276 3215 aesu-

193 3229 265 3289 piam
281 3229 309 3276 ia
327 3229 421 3277 codicis
436 3226 455 3278 C
470 3231 569 3292 papiae
579 3233 614 3280 56
632 3231 723 3291 dispici
732 3234 816 3290 potest
829 3232 907 3294 (eoas.
925 3231 978 3292 0⁸⁸)
992 3245 1026 3282 ea
1039 3233 1099 3295 Dip.
1114 3233 1170 3290 (abi
1181 3235 1276 3284 »Gaius

194 3295 241 3346 lib.
256 3297 267 3345 Ι
280 3297 359 3347 inst«
376 3298 512 3356 laudatar)
531 3303 555 3348 et
568 3299 630 3348 last.
650 3301 678 3348 ia
687 3301 829 3359 posteriore
841 3302 917 3349 taius
926 3303 1041 3363 popinae
1050 3306 1129 3362 parte
1140 3304 1276 3353 inserendo

194 3377 248 3414 esse
265 3367 394 3416 intelleait
414 3366 544 3416 Goesoirea
564 3366 576 3430 ΙΙ
597 3371 621 3416 5.
638 3370 652 3414 6
670 3367 841 3417 Admonendi
859 3373 950 3419 autem
969 3383 1064 3419 sumus
1083 3370 1201 3421 liberum
1220 3383 1276 3422 esse

194 3433 337 3484 arbitrium
357 3436 431 3495 last,
452 3435 579 3484 Liberum
597 3435 741 3485 arbitrium
759 3439 800 3486 est
817 3437 877 3501 Dip.
898 3437 942 3501 116
962 3442 1088 3503 nepotem
1102 3439 1172 3502 Dip„
1194 3453 1276 3504 nepo-

193 3504 248 3552 tem
260 3504 305 3554 uel
319 3508 426 3568 neptem
440 3504 502 3555 last.
522 3504 534 3567 ΙΙ
552 3508 565 3552 7
586 3504 619 3555 dc
631 3505 764 3569 potestate
777 3506 851 3566 last,
865 3510 998 3570 potestate
1012 3507 1071 3571 Dip.
1093 3508 1104 3570 ΙΙ
1122 3522 1191 3558 uero
1204 3510 1273 3572 Dia,

192 3585 259 3622 uero
277 3574 322 3622 uel
341 3576 450 3637 neptem
469 3574 532 3624 last.
556 3572 567 3636 ΙΙ
591 3572 669 3624 8-uel
688 3573 760 3636 Dip„
780 3576 806 3624 et
824 3576 886 3625 last.
907 3575 918 3639 l}
937 3579 1036 3626 tuero
1055 3577 1127 3639 Dim,
1148 3591 1216 3628 uero
1233 3576 1275 3628 uel

192 3643 302 3702 neptem
321 3643 383 3692 lost.
403 3638 411 3708 ΙΙ
429 3645 444 3690 9
462 3641 554 3692 uel-
566 3645 597 3691 to
616 3641 802 3705 intellegemus
821 3644 893 3707 Dip,
906 3645 1009 3706 ¹eadem
1027 3647 1054 3694 et
1072 3645 1106 3695 de
1125 3649 1275 3712 pronepote

192 3708 237 3757 uel
261 3712 392 3775 pronepte
415 3710 487 3760 dicta
511 3724 571 3762 esse
594 3711 792 3774 intellegantur,
823 3715 868 3762 uel
891 3727 986 3764 omnes
1010 3714 1053 3764 sui
1077 3715 1144 3764 iuris
1168 3713 1274 3765 efficere

194 3777 256 3826 last.
276 3777 287 3841 ll
307 3781 336 3827 43
356 3784 417 3830 anto
435 3783 461 3829 et
478 3781 548 3830 duae
563 3783 737 3842 praecessisse
754 3782 805 3830 tale
821 3784 898 3843 qaid:
921 3785 1063 3832 Praeterea
1080 3786 1222 3847 parentes,
1243 3784 1275 3832 li-

192 3843 267 3896 heris
285 3848 312 3896 in
332 3847 506 3912 adoptionem
524 3849 610 3912 datis,
637 3850 664 3899 in
682 3852 816 3913 potestate
836 3865 882 3901 eos
900 3851 1002 3901 habere
1028 3852 1166 3902 desinunt.
1205 3854 1274 3904 etin

191 3912 247 3963 filio
267 3916 387 3979 quidem,
407 3918 476 3967 siin
495 3918 667 3983 adoptionem
687 3919 775 3982 datur,
795 3922 849 3969 tres
868 3921 1083 3985 mancipationes
1096 3925 1197 3972 ceasait
1210 3922 1274 3973 Goo-

193 3983 270 4031 saiiea
288 3982 299 4046 ΙΙ
319 3986 349 4033 rt
368 3987 399 4034 ut
420 3985 559 4049 Goesclieo,
578 3988 625 4038 aut
641 3987 660 4038 G
677 3986 688 4050 ΙΙ
707 3992 737 4037 tt
757 3987 890 4038 efficiatur
904 3989 1043 4049 Goescltea,
1063 3987 1216 4040 efficiantur
1231 3990 1271 4050 ΟΠ,

192 4051 259 4131 eoas.
283 4051 314 4170 ci
336 4051 362 4171 ut*
375 4057 405 4102 lt
424 4056 496 4118 apud
523 4057 666 4117 Goescliea,
691 4059 773 4121 aaput
793 4056 813 4106 C
835 4057 846 4120 ΙΙ
871 4061 902 4106 tr
921 4059 1079 4108 uindicante
1098 4072 1113 4108 a
1135 4059 1271 4118 Goesclim,

192 4133 322 4170 uincane
364 4161 370 4173 .
