2902 4830
674 311 960 351 -vl—

222 488 381 565 legerant,
407 481 605 558 confirmare,
632 481 731 541 multa
753 481 921 560 corrigere,
948 497 1010 540 non
1033 497 1132 560 pauca
1155 480 1279 560 primus
1305 481 1419 562 legere

225 570 326 653 potui.
370 566 517 629 Attamen
540 573 670 647 propter
691 566 839 627 miseram
861 566 1033 626 multarum
1054 564 1317 628 membranarum
1343 588 1423 629 con-

225 657 382 718 dicionem
405 654 513 715 multis
535 653 611 713 70070
643 652 737 714 etiam
766 670 852 712 nunc
883 650 961 712 adeo
990 651 1058 712 hiat
1087 653 1184 712 oratio
1208 649 1352 730 Gaiana,
1385 663 1423 716 ut

225 742 287 803 nisi
311 742 367 819 qui
390 740 471 801 iuris
494 739 536 800 sit
557 737 822 816 consultissimus,
848 735 965 798 edendi
988 735 1043 798 Gai
1066 736 1206 798 0777070777
1229 738 1320 800 00700
1345 758 1423 802 sus·

224 828 330 908 cipere
353 842 416 886 non
439 824 565 885 debeat.
606 825 715 903 ltaque
739 842 812 884 cum
834 841 891 903 ego
914 823 1030 884 soleam
1052 832 1152 885 artem
1174 823 1319 884 criticam
1341 846 1423 888 con-

226 911 344 992 saeptis
366 909 556 991 philologiae
580 908 699 971 finibus
726 910 897 970 terminare
926 918 958 969 et
987 908 1283 972 iurisconsultorum
1314 909 1423 974 disci-

225 999 345 1079 plinam
368 1015 431 1057 non
446 1005 483 1058 ut
497 1014 599 1057 meam
615 994 793 1076 possideam
808 993 864 1056 sed
879 1003 915 1055 ut
929 992 1064 1055 alienam
1079 994 1259 1074 libauerim,
1280 997 1422 1060 Paulum

225 1085 377 1163 Krueger,
411 1083 484 1162 qui,
517 1081 544 1143 si
572 1080 613 1142 ab
641 1079 881 1161 incomparabili
904 1079 1056 1142 Theodori
1077 1082 1248 1142 Mommsen
1271 1083 1422 1146 sollertia

225 1169 413 1247 recesseris,
447 1168 480 1228 in
509 1166 652 1229 fontibus
681 1165 760 1228 iuris
782 1167 912 1226 Romani
936 1163 1068 1227 edendis
1090 1165 1184 1228 hodie
1206 1166 1299 1228 700770
1323 1172 1423 1247 prin-

226 1257 329 1336 cipem
351 1255 454 1315 locum
484 1262 586 1332 tenet,
621 1251 773 1334 precibus
803 1251 884 1331 adii,
914 1260 951 1313 ut
980 1272 1048 1313 eam
1078 1253 1250 1333 praecipue
1280 1251 1422 1318 editoris

226 1341 434 1423 prouinciam,
461 1358 555 1419 quam
576 1337 617 1400 ad
632 1337 914 1400 administrandam
932 1337 1124 1400 accuratiore
1140 1338 1219 1399 iuris
1235 1341 1422 1418 cognitione

226 1445 305 1507 opus
335 1435 434 1504 esset,
464 1426 653 1506 susciperet.
707 1423 784 1486 lnde
814 1424 912 1504 igitur
940 1422 981 1485 ab
1010 1443 1091 1487 anno
1123 1425 1204 1484 7869
1240 1423 1422 1490 00770707οἰ0

224 1513 378 1575 7077070777
392 1511 479 1573 770770
491 1512 634 1591 Krueger
650 1518 683 1572 07
698 1529 755 1590 ego
768 1508 879 1571 Gaium
895 1528 959 1571 una
974 1513 1181 1572 tractauimus
1196 1519 1227 1571 et
1242 1509 1422 1575 editionem

226 1601 363 1680 primam
382 1596 580 1658 absoluimus
595 1595 656 1657 sub
673 1595 769 1656 finem
785 1595 859 1656 anni
877 1594 971 1656 7873.
1004 1596 1104 1668 Quam
1121 1596 1291 1676 quominus
1307 1602 1422 1661 statim

224 1682 348 1764 publici
371 1683 452 1743 iuris
474 1681 662 1761 faceremus,
688 1699 751 1741 non
767 1681 920 1760 Kruegeri
942 1682 1036 1762 culpa
1057 1681 1128 1761 7077,
1155 1680 1213 1743 sed
1227 1680 1420 1767 officiorum,

227 1787 309 1849 quae
332 1785 389 1846 ego
411 1767 462 1828 hic
484 1768 638 1844 sustineo,
664 1767 746 1827 mole
769 1766 917 1827 effectum
940 1776 1002 1842 est;
1031 1786 1112 1847 quae
1134 1776 1171 1829 ut
1192 1767 1268 1829 inde
1284 1767 1423 1833 demum

228 1854 268 1918 ab
290 1861 411 1915 aestate
433 1853 508 1914 anni
533 1850 615 1913 7876
645 1852 732 1932 typis
761 1850 999 1913 describeretur
1028 1861 1061 1914 et
1090 1871 1172 1914 anno
1197 1852 1279 1914 7877
1311 1856 1424 1919 absol-

224 1947 357 2003 ueretur
371 1938 469 2000 editio
483 1939 585 2018 prima
600 1938 756 2018 permisit.
796 1938 860 1998 Nec
874 1936 1026 2000 Theodori
1042 1940 1213 2001 Mommsen
1237 1938 1423 2004 fidelissimi

228 2036 260 2088 et
275 2043 397 2086 summe
412 2023 582 2086 reuerendi
597 2023 689 2084 amici
705 2023 782 2084 mihi
798 2021 901 2085 defuit
915 2042 1029 2104 opera:
1056 2023 1083 2086 is
1107 2026 1191 2087 enim
1215 2026 1307 2088 annis
1334 2028 1422 2090 7876

228 2121 260 2174 07
284 2108 367 2170 7877
396 2110 532 2189 benigne
563 2118 594 2171 et
616 2109 722 2170 omnia
750 2127 787 2170 ea
816 2126 897 2188 quae
927 2109 1074 2172 nouanda
1103 2130 1173 2172 esse
1201 2112 1235 2172 in
1265 2122 1424 2177 contextu

228 2197 344 2260 Gaiano
368 2204 529 2274 censeret,
563 2193 730 2256 nobiscum
759 2194 990 2257 communicare
1020 2196 1122 2258 uoluit
1152 2206 1184 2258 et
1206 2198 1233 2258 si
1256 2216 1320 2277 qua
1344 2219 1423 2280 gra·

226 2283 318 2345 uiora
340 2281 482 2343 inscitiae
505 2300 593 2344 meae
617 2279 724 2360 elapsa
747 2290 854 2342 essent
879 2279 1034 2343 indicauit
1056 2291 1089 2343 et
1110 2282 1316 2344 multifariam
1340 2304 1424 2349 000-

228 2369 308 2432 077770
337 2366 471 2430 adiuuit.
518 2367 700 2428 Mommseni
729 2367 966 2429 adnotationum
996 2368 1165 2448 plerasque
1196 2388 1267 2431 cum
1298 2374 1423 2435 nostris

227 2455 376 2518 contexui
397 2452 558 2534 adscripto
581 2453 701 2533 ubique
724 2454 908 2514 Mommseni
931 2453 1099 2537 nomine.²)

313 2542 385 2602 Post
406 2539 582 2603 absolutam
605 2558 688 2602 anno
711 2538 793 2600 7877
817 2539 874 2601 Gai
897 2537 1067 2601 editionem
1090 2537 1223 2620 primam
1246 2559 1318 2603 cum
1340 2546 1424 2606 mihi

228 2646 306 2690 uere
329 2625 406 2688 anni
423 2626 504 2687 7878
528 2635 561 2688 07
582 2634 699 2688 aestate
722 2627 798 2686 anni
816 2626 897 2686 l883
921 2626 1031 2687 liceret
1051 2627 1191 2688 Veronae
1215 2632 1420 2711 commorari,

229 2713 360 2777 Carolus
386 2730 489 2774 0077700
517 2711 667 2789 Giuliari,
699 2710 907 2772 bibliothecae
934 2712 1115 2792 capitularis
1136 2710 1315 2790 praefectus
1340 2717 1424 2778 mihi

228 2799 457 2874 amicissimus,
484 2796 725 2874 liberalissime,
757 2806 793 2857 ut
814 2797 892 2857 solet
913 2798 965 2858 uir
987 2797 1150 2877 egregiuS,
1183 2799 1349 2879 permisit,
1385 2813 1425 2865 ut

229 2885 313 2946 locos
329 2882 498 2943 nonnullos
514 2880 708 2943 difficiliores
723 2880 829 2943 denuo
843 2899 914 2944 cum
934 2880 1041 2944 codice
1057 2884 1209 2964 rescripto
1225 2883 1420 2952 conferrem.

230 2971 290 3031 Per
352 2986 428 3029 0000
444 2986 484 3028 ex
498 2967 619 3048 paucis,
645 2985 724 3046 quos
739 2985 821 3028 anno
839 2965 920 3027 7878
936 2969 1076 3030 Veronae
1092 2968 1206 3050 degere
1221 2971 1299 3031 mihi
1314 2976 1425 3035 conti-

231 3055 286 3136 git,
305 2985 422 3115 ddabus
436 3053 552 3114 laboris
566 3053 686 3115 socium
701 3071 771 3114 sese
786 3051 901 3115 obtulit
912 3054 1028 3116 Paulus
1039 3055 1191 3136 Krueger,
1206 3075 1265 3136 per
1275 3057 1424 3138 reliquos

230 3159 348 3220 eosque
370 3140 479 3219 plures
501 3140 588 3201 solus
610 3137 748 3200 0777070777
771 3138 955 3202 conserendi
986 3140 1136 3202 sustinui.
1186 3142 1234 3202 Ex
1263 3144 1423 3209 remediis

231 3226 390 3302 chemicis,
416 3225 534 3304 quibus
549 3226 617 3305 ipse
638 3224 713 3286 olim
728 3226 819 3287 annis
837 3225 919 3286 7867
942 3234 974 3288 07
991 3227 1072 3287 7868
1088 3245 1166 3288 0000
1182 3246 1279 3304 eram,
1304 3234 1424 3307 paucis

230 3313 307 3374 locis
330 3309 470 3373 codicem
491 3311 605 3373 leuiter
626 3309 814 3391 latigauerat
834 3311 954 3373 kalium
976 3313 1258 3393 sulphocyanatum
1280 3315 1422 3379 mixtum

231 3398 342 3479 paucis
365 3397 464 3479 guttis
486 3395 568 3458 acidi
590 3395 763 3474 muriatici;
790 3416 849 3458 nec
872 3405 977 3459 tamen
999 3400 1183 3460 commissae
1200 3399 1335 3462 iniuriae
1353 3405 1423 3466 urit

302 3620 326 3682 l)
344 3620 405 3669 »Gai
423 3619 616 3669 institutiones.
648 3619 690 3668 hd
708 3619 811 3669 codicis
824 3620 986 3671 Veronensis
1005 3622 1190 3686 apographum
1202 3622 1420 3674 Studemundia-

232 3701 299 3739 num
317 3689 346 3737 in
363 3699 445 3738 usum
463 3687 619 3738 scholarum
630 3687 775 3738 ediderunt
787 3687 886 3740 Paulus
897 3690 1018 3754 Krueger
1035 3694 1062 3741 et
1074 3690 1223 3742 Guilelmus
1235 3690 1419 3747 studemund.

234 3759 308 3808 lnest
319 3755 434 3821 epistula
445 3758 539 3807 critica
551 3756 687 3807 Theodori
699 3757 859 3809 Mommsen.
885 3758 1003 3809 Berolini
1015 3759 1086 3824 apud
1099 3760 1304 3810 Weidmannos.
1326 3764 1422 3814 787777

234 3827 265 3875 10
283 3825 335 3875 hac
353 3825 466 3889 epistula
486 3826 580 3876 critica
598 3827 750 3876 Mommsen
767 3839 813 3876 eas
837 3827 1042 3879 obseruationes
1065 3831 1270 3893 composuerat,
1297 3842 1369 3892 quae
1391 3834 1420 3883 in

235 3895 294 3958 ipso
312 3895 445 3958 apparatu
462 3895 556 3944 critico
574 3893 700 3944 editionis
718 3909 734 3945 a
752 3893 831 3946 nobis
849 3910 874 3946 0.
889 3899 954 3945 7877
974 3900 1083 3948 0070700
1108 3899 1336 3948 commemoratae
1362 3914 1419 3951 non

235 3965 321 4013 erant.
353 3961 433 4012 Nune
451 3963 478 4011 in
491 3962 542 4013 hac
554 3962 637 4014 altera
650 3963 777 4023 editione,
797 3977 878 4028 quam
891 3965 969 4015 annis
981 3969 1047 4016 7888
1061 3969 1088 4016 07
1101 3968 1165 4016 7887
1178 3967 1345 4030 parauimus,
1361 3967 1420 4021 7070

233 4043 329 4082 007000
341 4030 528 4082 adnotationes
540 4032 776 4092 Mommsenianas,
789 4035 842 4084 nisi
854 4046 923 4098 quae
938 4035 1034 4084 iterata
1048 4035 1151 4086 codicis
1166 4033 1311 4085 Clectione
1324 4037 1419 4089 irritae

233 4099 319 4152 700700
337 4102 423 4160 07007,
443 4101 470 4149 70
490 4102 579 4165 ipsum
597 4104 757 4167 apparatum
775 4103 900 4152 criticum
918 4105 1077 4168 recepimus.
