2902 4830
198 276 233 326 1v
251 275 412 342 §tta-us
582 313 668 324 ...-
713 278 774 342 184
817 314 903 326 ..-

198 479 364 551 conpetunt
386 478 441 532 aut
463 489 482 531 a
504 475 651 546 praetore
675 466 806 546 dantur,
833 469 929 530 etiam
951 467 984 529 in
1007 469 1160 532 heredem
1185 490 1286 552 aeque

199 565 372 638 conpetunt
393 564 447 618 aut
469 553 538 615 dari
561 554 675 615 solent.
707 564 755 616 est
774 555 860 615 enim
876 555 1049 617 certissima
1065 557 1145 618 iuris
1161 559 1282 638 regula,

198 662 239 705 ex
268 642 433 705 maleficiis
457 639 609 720 poenales
636 641 776 703 actiones
806 640 840 701 in
861 639 1012 703 heredem
1034 660 1093 704 nec
1115 651 1286 723 conpetere

198 748 258 791 nec
280 728 348 790 dari
371 729 481 806 solere,
507 726 610 788 ueluti
632 726 725 804 furti,
752 725 785 787 ui
808 725 965 789 honorum
987 737 1163 809 raptorum,
1198 730 1286 792 iniu-

196 813 326 892 riarum,
353 812 458 875 damni
481 810 629 873 iniuriae.
667 812 724 874 sed
745 811 916 874 heredibus
930 813 1027 875 huius
1044 814 1129 877 modi
1145 817 1286 878 actiones
1303 832 1318 878 s

197 909 371 981 conpetunt
397 918 456 961 nec
485 897 702 978 denegantur,
735 907 867 978 excepta
897 899 1084 962 iniuriarum
1106 902 1231 964 actione
1254 910 1287 964 et

113 990 173 1054 443
197 986 224 1049 si
241 1006 306 1067 qua
321 986 382 1049 alia
398 985 509 1046 similis
524 985 707 1046 inueniatur
722 986 813 1047 actio.
846 983 1024 1065 Aliquando
1039 995 1144 1049 tamen
1161 984 1284 1071 (etiam)

197 1092 237 1135 ex
259 1079 421 1134 contractu
440 1073 520 1133 actio
536 1089 642 1150 neque
658 1070 770 1132 heredi
785 1089 891 1150 neque
906 1070 940 1132 in
954 1071 1106 1134 heredem
1123 1075 1281 1154 conpetit;

196 1178 269 1221 nam
291 1157 529 1239 adstipulatoris
552 1156 647 1218 heres
670 1175 733 1218 non
755 1156 847 1219 habet
869 1157 1040 1237 actionem,
1073 1167 1101 1221 et
1123 1161 1285 1240 sponsoris

196 1253 227 1307 et
250 1242 514 1326 fideprornissoris
535 1243 628 1305 heres
650 1262 712 1305 non
732 1251 873 1305 tenetur.
1301 1260 1327 1305 40

112 1338 171 1399 444
282 1332 436 1412 Superest
456 1338 493 1392 ut
515 1327 729 1410 dispiciamus,
756 1328 783 1392 si
806 1337 878 1392 ante
897 1348 964 1392 rem
981 1329 1151 1393 iudicatam
1168 1331 1284 1394 iseum

195 1437 258 1498 quo
282 1419 398 1498 agitur,
424 1425 496 1497 post
518 1423 682 1496 acceptum
704 1414 859 1478 iudicium
882 1415 1054 1478 satisfaciat
1069 1418 1177 1495 actori,
1205 1417 1284 1498 quid

192 1504 295 1566 officio
317 1502 432 1565 iudicis
455 1502 639 1581 conueniat,
674 1510 783 1564 utrum
805 1501 985 1582 absoluere,
1019 1521 1060 1564 an
1082 1502 1154 1565 ideo
1177 1503 1284 1583 potius

194 1588 354 1668 damnare,
382 1588 458 1668 quia
480 1587 591 1650 iudicii
607 1587 786 1668 accipiendi
801 1595 944 1668 tempore
960 1589 993 1650 in
1008 1607 1044 1650 ea
1060 1608 1157 1650 causa
1173 1588 1279 1669 luerit,

192 1685 229 1738 ut
244 1676 388 1738 damnari
402 1673 525 1736 debeat.
546 1675 646 1735 nostri
661 1683 884 1755 praeceptores
900 1674 1067 1737 absoluere
1080 1694 1154 1737 eum
1167 1675 1282 1738 debere
1298 1690 1326 1736 44

193 1762 387 1840 existimant,
410 1779 470 1822 nec
485 1761 637 1823 interesse
652 1761 742 1822 cuius
758 1761 884 1840 generis
900 1761 942 1822 sit
957 1760 1125 1838 iudicium3
1147 1771 1179 1822 et
1195 1759 1208 1844 ΙΙ
1224 1763 1355 1839 hocpgat'

193 1856 242 1909 est
256 1847 342 1927 quod
356 1847 449 1926 uulgo
465 1844 582 1906 dicitur
597 1845 714 1908 Sabino
730 1854 762 1908 et
777 1845 883 1908 Cassio
898 1847 1025 1928 placere
1038 1843 1151 1930 omnila
1164 1847 1282 1910 iudicia

192 1932 385 1995 absolutoria
397 1950 478 1993 esse.
496 1929 1022 2014 ——-————---—l-
1034 1932 1074 1995 de
1087 1931 1192 1996 honae
1205 1933 1282 1996 fidei

191 2016 319 2080 iudiciis
334 2027 441 2080 autem
456 2015 542 2078 idem
557 2017 708 2096 sentiunt,
729 2019 803 2097 quia
822 2018 855 2078 in
872 2015 1036 2101 eiusmoldi
1052 2019 1180 2082 iudiciis
1196 2019 1281 2082 libe-

191 2124 263 2166 rum
279 2113 327 2166 est
341 2103 480 2166 officium
495 2101 620 2165 iudicis.
661 2103 859 2166 tantumdem
884 2100 888 2188 Ι
912 2113 944 2167 04
956 2104 997 2167 de
1013 2105 1046 2166 ic
1060 2123 1129 2166 rem
1145 2105 1279 2169 actioni·
1294 2121 1321 2167 u

189 2191 252 2253 hus
266 2198 390 2271 putant,
410 2188 487 2270 quia
498 2187 653 2270 formulae
666 2186 779 2272 peribis
795 2189 830 2252 id
844 2189 948 2273 ipsum
964 2190 1163 2271 exprimatur
1175 2229 1279 2238 --

639 2357 764 2446 lquibus

622 2445 850 2530 i—-·—-
863 2456 1014 2528 petentur
1030 2460 1061 2511 et
1080 2449 1276 2512 ad——-

188 2529 715 2617 ——--——-—-l——
730 2533 886 2596 interdum
904 2535 988 2596 enim
1291 2551 1317 2596 ts

186 3069 197 3116 I
233 2997 338 3117 tw}
350 3011 437 3116 ogque
455 3000 491 3050 ad
510 3002 525 3049 8
544 2998 973 3064 cccpetttrerc=1nst.t‚⁴2,t
996 2999 1008 3062 ll
1026 2998 1038 3064 4
1054 3002 1101 3048 444
1122 3001 1181 3050 init.
1201 2999 1272 3052 conl.

199 3080 251 3119 ns.
284 3104 291 3128 ‚
342 3107 348 3130 ,
383 3106 388 3118 .
581 3085 583 3088 >

1210 3177 1274 3202 ,ΜΝ

256 3259 266 3304 4
290 3257 372 3307 etiam
394 3257 421 3318 0,
442 3259 469 3308 04
488 3258 550 3308 lcst.
570 3258 581 3321 ΙΙ
600 3271 686 3323 aeque
705 3258 780 3318 44444,
800 3259 907 3322 eaque?
928 3256 962 3307 0¹¹
980 3256 991 3319 ΙΙ
1009 3258 1076 3305 3-4
1102 3269 1153 3307 neo
1173 3270 1274 3322 conpe-

186 3327 244 3376 tere
264 3339 315 3376 400
333 3326 393 3375 dari
410 3326 514 3389 sollers)
538 3326 581 3386 (5¹¹,
609 3341 663 3377 non
687 3330 840 3390 competere
864 3327 927 3376 lust.
951 3325 963 3389 {l
985 3329 1000 3375 4
1025 3324 1175 3376 heredibus
1198 3325 1272 3390 44044,

185 3393 341 3459 heredibus
358 3394 487 3458 eiusldem
505 3394 636 3447 uidelicet
652 3397 774 3446 40404444
789 3395 823 3446 0¹¹
837 3397 882 3458 (000
893 3394 1056 3459 plessemote)
1075 3393 1087 3457 ΙΙ
1108 3399 1122 3444 7
1141 3395 1213 3445 actio
1229 3393 1273 3456 01¹,

186 3476 236 3513 om.
256 3465 320 3514 lest.
340 3463 351 3527 41
372 3465 455 3514 etiam
473 3465 546 3525 44444,
572 3478 622 3514 otu.
645 3464 673 3527 C,
699 3464 766 3526 conf.
788 3464 820 3515 4)Β
834 3476 898 3527 pap.
912 3465 964 3518 247
981 3476 1052 3513 cers.
1068 3469 1099 3514 44
1120 3463 1133 3527 11
1153 3467 1168 3513 9
1187 3465 1275 3514 actio·

185 3545 249 3582 nem
267 3535 294 3582 et
314 3532 452 3596 Gocsehen,
479 3535 615 3584 actionem
634 3535 694 3584 4044
715 3533 749 3583 0¹1
770 3537 833 3584 40440
853 3533 998 3583 4400404000
1015 3532 1026 3595 ΙΙ
1046 3536 1072 3582 ll
1095 3530 1275 3597 dispiciamus

188 3599 327 3662 4400404400,
347 3602 531 3666 despiciamus
547 3602 566 3653 0
582 3601 593 3666 11
611 3605 692 3653 uerbo
710 3604 772 3653 ante
791 3615 848 3652 rem
867 3601 1016 3652 iudicatam
1028 3606 1057 3652 ut
1068 3601 1198 3665 0404400444
1209 3603 1275 3653 delet

185 3668 356 3732 dioeceseon
375 3674 406 3719 46
426 3673 558 3722 interesse
578 3672 717 3732 Goeschcc,
736 3672 848 3722 interest
862 3670 907 3730 0¹¹,
927 3671 993 3733 cons.
1009 3669 1040 3720 0⁵
1054 3684 1119 3734 pop.
1132 3671 1183 3724 474
1202 3684 1275 3722 cers.

184 3741 219 3787 54
237 3743 262 3788 04
275 3751 338 3803 pap.
353 3744 405 3794 444
422 3752 493 3792 cers.
507 3743 541 3794 44
558 3740 569 3803 ΙΙ
587 3741 622 3791 444
634 3740 761 3801 Huschke,
781 3739 811 3789 444
825 3739 845 3790 C
860 3735 871 3804 ΙΙ
890 3743 920 3789 48
939 3742 968 3790 ic
986 3742 1081 3789 4004400
1098 3741 1162 3789 hacc
1174 3741 1274 3790 (4404440

187 3804 283 3855 Gaium
300 3813 424 3870 apparet:
442 3811 562 3859 diuersae
578 3810 680 3859 scholae
691 3809 840 3860 auctoribus
852 3810 977 3859 destricti
988 3810 1054 3859 turis
1065 3809 1169 3859 iudiciis
1181 3814 1275 3860 contro

180 3891 312 3952 placuisse
331 3893 343 3956 ΙΙ
367 3897 467 3943 48-49
492 3893 581 3945 bonae
605 3893 670 3945 fidei
694 3895 804 3946 iudiciis
830 3894 974 3954 4400404040,
1000 3893 1199 3945 bonefldeisiud
1227 3895 1272 3958 (2¹¹,

184 3959 253 4022 eous.
275 3959 307 4010 0⁸
321 3975 384 4026 pap.
398 3965 450 4017 474
467 3961 539 4014 cers.
554 3969 621 4014 4-4
637 3963 648 4027 ΙΙ
667 3967 694 4012 44
711 3977 779 4027 seqq.
794 3968 852 4026 post
869 3963 1037 4028 exprimatur
1054 3965 1121 4014 hacc
1137 3962 1193 4024 fere
1211 3978 1273 4015 400-

184 4031 290 4078 4004040
308 4043 460 4092 cupressum
476 4033 557 4095 fuisse
573 4035 701 4084 conicias:
719 4036 758 4084 440
770 4034 872 4084 demum
882 4046 958 4084 reum
970 4033 1194 4084 condemnandam
1206 4047 1271 4100 0440,

183 4099 235 4148 nisi
252 4098 382 4149 arbitratu
398 4102 491 4151 iudicis
507 4115 564 4152 rem
581 4104 733 4154 restituerit.
