2902 4830
488 352 572 361 -.
617 316 660 379 87.
702 351 787 362 ..-
974 319 996 367 44
1016 316 1175 382 §soa-tor

96 504 328 567 damnationem
353 506 450 585 legari
474 514 585 586 potest,
613 506 700 567 uelut
723 525 853 567 rarorvs
876 525 925 579 ovi
949 525 980 568 rn
995 524 1062 567 uro
1081 526 1176 568 ranno

10 592 68 652 404
95 609 163 653 ruri
186 608 290 668 rnvrr,
317 599 371 652 aut
394 610 472 664 oron
496 612 531 653 nx
554 610 620 652 4444
642 610 767 652 suornm
781 611 879 654 narru
896 610 973 652 rnrr.
1014 592 1104 665 Quod
1119 611 1177 654 au-

95 686 158 738 tem
182 678 225 739 ita
248 677 384 756 legatum
408 686 466 756 est,
492 678 562 757 post
584 677 700 739 aditam
716 677 935 756 hereditatem,
960 679 1083 739 etiamsi
1097 697 1177 759 pure

95 762 234 842 legatum
258 773 320 841 est,
347 782 419 841 non,
449 772 482 824 ut
504 783 564 843 per
584 763 831 825 uindicationem
855 763 1004 844 legatum,
1031 765 1177 825 continuo

95 849 246 931 legatario
269 848 459 927 adquiritur,
485 849 542 911 sed
565 850 663 911 nihilo
686 851 791 910 minus
814 849 938 911 heredis
962 858 1021 910 est.
1059 859 1091 910 et
1106 849 1210 911 ideoa

94 935 264 1014 legatarius
286 935 319 995 in
343 953 509 1014 personam
532 954 624 1016 agere
647 935 753 1012 debet,
780 934 814 996 id
836 945 886 997 est
904 934 1069 997 intendere
1084 936 1178 996 here·
1245 942 1247 946 '

94 1019 166 1081 dem
190 1020 252 1081 sibi
275 1019 351 1082 dare
368 1030 529 1100 oportere;
556 1030 587 1082 et
602 1030 669 1082 tum
685 1021 789 1098 heres,
815 1022 841 1082 si
859 1017 939 1104 (res)
956 1023 1106 1101 mancipii
1122 1021 1173 1098 sit,

94 1107 251 1186 mancipio
277 1105 352 1167 dare
375 1115 429 1167 aut
452 1108 484 1167 in
509 1108 577 1168 iure
600 1106 712 1169 cedere
735 1108 1027 1187 possessionemque
1051 1107 1176 1168 tradere

94 1191 208 1269 debet;
242 1192 270 1253 si
300 1211 358 1253 nec
385 1192 531 1273 mancipii
555 1193 612 1272 sit,
640 1192 756 1254 sufficit
779 1194 805 1254 si
829 1192 1006 1255 tradiderit.
1053 1211 1125 1254 nam
1150 1194 1176 1254 si

95 1277 244 1358 mancipii
271 1297 337 1339 rem
367 1287 489 1340 tantum
512 1278 680 1340 tradiderit
703 1297 762 1339 nee
784 1280 1029 1357 mancipauerit,
1061 1298 1178 1340 usuca·
1196 1292 1226 1336 44

94 1364 186 1442 piane
213 1363 307 1444 pleno
336 1364 404 1426 iure
434 1364 470 1424 fit
497 1365 656 1444 legatarii3
690 1365 855 1444 conpletur
884 1374 988 1426 autem
1010 1366 1172 1445 usucapio,

94 1449 178 1511 sicut
206 1450 266 1510 aiio
297 1468 423 1528 quoque
454 1451 520 1511 loeo
543 1449 700 1528 diximus,
733 1450 892 1511 mobilium
915 1449 1047 1529 quidem
1070 1470 1176 1512 rerum

10 1534 67 1596 405
94 1553 188 1612 anno,
214 1554 322 1597 earum
345 1554 422 1597 uero
445 1555 528 1615 quoe
552 1537 616 1597 solo
639 1544 796 1616 tenentur,
821 1536 962 1598 biennio.
1001 1537 1056 1597 Est
1076 1545 1107 1598 et
1122 1537 1176 1596 ilia
1218 1545 1242 1551 ·’

95 1618 273 1682 differentia
294 1622 391 1682 huius
415 1618 472 1705 <44>
496 1641 554 1702 per
575 1622 822 1685 uindicationem
841 1623 947 1702 legati,
974 1621 1059 1702 quod
1081 1624 1107 1683 si
1123 1641 1177 1682 ea-

94 1705 168 1767 dem
196 1726 248 1768 res
276 1706 401 1769 duobus
429 1707 618 1788 pluribusne
648 1727 706 1789 per
734 1707 969 1770 damnationem
997 1709 1098 1788 legata
1121 1708 1173 1786 sit,
1196 1720 1226 1765 44

94 1792 253 1872 siquidem
277 1795 478 1870 coniunctim,
504 1795 598 1874 plane
621 1795 756 1874 singulis
778 1804 884 1874 partes
904 1793 1067 1874 debentur,
1095 1796 1176 1856 sicut

95 1878 128 1938 in
160 1878 212 1940 illo
236 1876 330 1962 <quod
348 1878 421 1962 per>
444 1879 683 1942 uindicatiooem
711 1882 846 1960 legatum
873 1888 931 1957 cst,
963 1882 992 1942 si
1012 1899 1085 1941 4444
1109 1879 1177 1942 dis·
1273 1955 1275 1958 .

92 1964 236 2044 iunctim,
262 1966 397 2046 singuiis
420 1965 553 2027 solidum
571 1965 711 2028 debetur.
744 1969 787 2028 ita
802 1966 846 2046 fit,
866 1965 879 2049 ΙΙ
896 1975 930 2028 ut
946 1967 1067 2028 scilieet
1082 1967 1278 2038 herespgaor

37 2078 40 2082 ⁴
92 2051 184 2112 alteri
200 2069 278 2130 rem,
302 2052 392 2112 alteri
408 2053 660 2114 aestimationem
676 2055 745 2114 eius
760 2061 921 2132 praestare
937 2051 1063 2115 debeat.
1094 2061 1126 2114 et
1142 2053 1175 2113 in

92 2136 267 2198 coniunctis
293 2135 472 2199 deficientis
495 2139 594 2218 portio
617 2157 679 2199 non
701 2137 741 2201 ad
765 2139 999 2220 collegatarium
1021 2140 1171 2219 pertinet,
1193 2149 1225 2195 ao

93 2220 151 2283 sed
173 2222 207 2283 in
228 2222 402 2285 hereditate
426 2231 575 2286 remanet.

10 2307 69 2370 ito
181 2307 271 2380 Quod
293 2318 397 2371 autem
421 2309 560 2371 diximus
582 2307 758 2370 deficientis
779 2311 952 2389 portionem
967 2312 998 2371 44
1013 2329 1070 2389 per
1085 2308 1175 2371 dam-

94 2395 252 2455 nationem
275 2394 404 2474 quidem
428 2397 529 2476 legato
553 2397 586 2455 in
600 2393 783 2456 ¹hereditate
806 2394 945 2473 retineri,
971 2397 1004 2456 in
1028 2414 1086 2474 per
1101 2396 1176 2455 uin-

93 2478 283 2541 dicationem
305 2499 382 2542 uero
405 2481 601 2562 collegatario
625 2480 823 2558 adcrescere,
850 2479 1041 2542 admonendi
1064 2499 1174 2542 sumus

93 2575 167 2627 ante
196 2567 298 2646 legem
322 2568 448 2647 Papiam
477 2567 531 2628 boc
561 2569 629 2628 iure
659 2566 745 2627 ciuili
769 2567 812 2628 ita
835 2567 945 2642 iuisse;
980 2577 1049 2646 post
1072 2567 1175 2646 legem
1195 2578 1226 2624 44

93 2670 169 2714 uero
185 2653 311 2733 Papiam
333 2652 509 2714 deficientis
532 2654 632 2734 portio
656 2651 773 2713 caduca
797 2651 832 2713 fit
855 2662 886 2714 et
908 2651 949 2714 ad
968 2671 1021 2714 eos
1037 2655 1176 2733 pertinet

10 2735 66 2798 tot
92 2738 148 2816 qui
177 2738 210 2798 in
238 2759 274 2800 eo
303 2747 490 2801 testamento
513 2739 630 2799 liberos
657 2737 785 2799 habent.
831 2740 870 2799 Et
897 2738 1043 2818 quamuis
1073 2739 1176 2819 prima

93 2842 188 2886 causa
210 2825 252 2886 sit
267 2825 300 2884 in
317 2825 443 2887 caducis
458 2824 658 2888 uindicandis
674 2823 826 2885 heredum
843 2824 960 2887 liberos
976 2822 1171 2903 habentium,

93 2907 210 2972 deinde
233 2912 260 2972 si
283 2910 418 2973 heredes
441 2910 554 2973 liberos
569 2929 632 2972 non
648 2909 794 2988 habeant,
822 2912 1040 2991 legatariorum
1057 2910 1175 2973 liberos

92 2994 288 3073 habentium,
316 3006 421 3059 tamen
443 2998 512 3078 ipsa
535 2997 603 3076 lege
626 2996 719 3076 Papia
742 2997 955 3077 significatur,
982 3006 1017 3058 ut
1040 2998 1176 3078 collega·
1195 3007 1225 3052 44

162 3155 235 3222 §iot
256 3159 308 3208 4444
324 3185 359 3194 -
378 3157 438 3222 4444]
460 3156 527 3222 544.

164 3307 174 3351 4
197 3302 274 3352 uelut
294 3302 337 3364 04,
362 3303 447 3353 ueluti
467 3303 529 3353 4444.
554 3303 564 3367 ΙΙ
587 3307 600 3351 7
621 3317 665 3353 res
690 3305 788 3354 4444444
809 3304 951 3365 04444444,
978 3317 1027 3353 om.
1052 3304 1072 3354 0
1096 3303 1174 3366 (coos.
1267 3313 1269 3317 '

96 3370 129 3422 04
144 3384 207 3434 pap.
220 3376 271 3425 298
289 3384 358 3421 ocra.
375 3373 418 3432 44)
437 3370 447 3432 11
468 3376 497 3420 44
517 3373 692 3436 usucapione]
713 3375 908 3437 usucapionem
925 3373 953 3431 0,
973 3378 1092 3434 expectes
1110 3386 1176 3422 con-

92 3440 165 3505 piota
190 3440 299 3489 demum
323 3441 492 3504 usucapione
515 3443 556 3492 444
573 3443 655 3491 simile
673 3442 771 3504 aliquid
794 3441 805 3503 ΙΙ
829 3445 860 3489 ta
884 3444 1020 3503 tenentur·
1035 3441 1173 3500 04444444,

93 3512 238 3558 teneantur
258 3508 322 3572 0414
342 3512 371 3557 44
397 3514 423 3558 44
447 3511 563 3560 additam
581 3524 615 3560 444
633 3513 780 3560 coniectura
798 3511 808 3572 ΙΙ
829 3514 859 3559 tt
884 3511 1086 3561 damnationem
1108 3510 1175 3560 Goo-

91 3578 180 3639 schca‚
200 3578 511 3628 damnicontractionem
532 3579 559 3641 0,
581 3578 646 3641 coos.
663 3578 694 3629 04
708 3584 833 3642 papate
851 3579 862 3642 11
881 3583 910 3627 47
932 3579 1004 3643 quod
1023 3577 1176 3642 peropto

93 3645 172 3708 (coos.
188 3645 220 3696 04
235 3659 296 3709 pop.
308 3651 359 3700 444
376 3660 447 3697 uera.
463 3652 475 3695 4
496 3653 520 3697 44
535 3660 598 3711 pop.
612 3653 662 3701 444
680 3661 751 3698 ocra.
765 3648 790 3709 2)
810 3647 821 3711 ΙΙ
839 3647 1061 3710 uindicationem]
1083 3647 1176 3697 uindi-

93 3715 166 3765 cait‘?
182 3713 201 3764 0
217 3715 229 3778 ΙΙ
250 3719 281 3765 48
300 3715 416 3765 solidum
430 3715 552 3778 debetur]
573 3716 677 3766 solidae
693 3716 828 3766 deuentur
843 3717 887 3779 04,
901 3716 969 3779 conf.
987 3716 1019 3767 04
1033 3729 1094 3779 pop.
1108 3720 1174 3775 444,·

90 3788 207 3833 ceterum
224 3783 290 3846 coos.
310 3785 364 3845 le.
379 3789 422 3842 44,
439 3786 470 3832 tt
481 3787 509 3834 44
520 3787 572 3848 444
593 3784 604 3846 {l
621 3787 702 3834 uerbo
721 3785 757 3834 ita
775 3784 804 3834 fit
822 3786 930 3836 44444444
948 3798 1002 3834 esse
1011 3789 1088 3847 potat
1100 3786 1176 3836 Pole-

89 3851 241 3914 44441144
266 3853 419 3903 coniunctis
446 3852 590 3912 04444444,
617 3854 750 3902 coniuctis
772 3853 819 3916 014
842 3857 869 3902 44
893 3859 1014 3903 remanet
1035 3853 1171 3915 04444444,

92 3923 250 3971 remanetur
264 3920 306 3980 04,
328 3921 394 3984 coos.
412 3920 442 3971 04
457 3934 519 3985 pop.
533 3926 584 3972 506
602 3921 663 3984 4144
681 3923 834 3986 portionem
848 3924 874 3972 in
890 3923 1027 3984 domairac,
1048 3928 1094 3972 444
1112 3936 1176 3986 por·

92 3989 195 4039 tionem
213 3995 259 4039 444
276 3991 399 4054 portione
419 3991 464 4040 int
479 3990 499 4041 0
515 3990 526 4053 ΙΙ
545 3994 574 4038 44
596 3991 706 4039 retineri
722 3990 860 4053 04444444,
880 3992 996 4041 retinere
1012 3990 1032 4041 0
1047 3991 1058 4054 lt
1077 3995 1108 4040 45
1126 4004 1175 4052 pro

92 4058 146 4109 hoc
168 4061 253 4120 possis
276 4061 352 4109 444444
377 4059 404 4108 id
422 4060 550 4120 supplere,
571 4058 637 4121 conf.
662 4057 694 4108 04
716 4058 727 4121 ΙΙ
750 4058 833 4109 fuisse
855 4060 993 4123 04444444,
1014 4058 1108 4111 fuisset
1130 4057 1175 4126 041

91 4130 125 4176 34
146 4125 313 4190 significatur
330 4141 364 4178 444
381 4126 557 4191 signitacatur
575 4133 718 4177 correctum
739 4127 767 4178 0.
