2902 4830
494 350 579 360 ...
625 315 685 377 109
728 351 814 361 -..
997 319 1033 367 111
1052 315 1193 383 §seb-m

114 501 239 564 heredes
254 503 385 564 instituti
398 510 479 581 sont,
503 499 506 585 i
527 502 581 564 dat
596 503 764 565 seeundum
779 503 899 566 tobeias
915 504 1060 566 bonorum
1071 524 1193 586 posses-

50 589 88 648 31
114 590 237 650 sionem.
285 590 354 650 item
383 587 421 649 ab
443 585 597 672 iaitestato
619 588 754 651 heredes
777 608 850 651 suos
873 598 904 651 et
925 597 1053 671 agnatos
1076 590 1116 652 ad
1136 591 1295 666 ho-pg.ret

115 672 225 736 norum
248 675 478 754 possessionem
494 683 595 736 uoeat.
631 675 748 754 quihus
771 675 897 737 casibus
920 676 1106 738 heneficium
1125 678 1193 739 eius

114 761 145 820 in
170 779 205 821 eo
228 761 293 820 solo
316 759 445 821 uidetur
466 761 604 840 aliquam
627 762 795 822 utilitatem
819 762 946 841 hahere,
974 761 1009 824 ut
1032 764 1058 823 is
1079 764 1134 842 qui
1149 762 1193 824 ita

112 846 268 908 honorum
297 847 527 926 possessionem
555 847 649 926 petit,
684 846 852 909 interdieta
884 850 975 909 euius
1000 849 1226 928 principiums

113 940 160 993 est
183 950 302 1003 ovoaru
326 950 465 994 nonoaru
488 933 535 993 uti
551 934 659 1013 possit.
689 935 779 994 euius
796 933 956 995 interdicti
972 953 1056 1014 quoe
1073 935 1114 996 sit
1128 936 1193 996 uti-

115 1018 195 1096 titas,
221 1037 278 1079 suo
303 1019 367 1079 loeo
388 1036 611 1098 proponemus.
649 1019 789 1100 alioquin
812 1028 929 1080 remota
951 1039 1079 1101 quoque
1095 1020 1193 1082 bono-

112 1123 181 1165 rum
205 1104 402 1183 possessione
425 1103 465 1165 ad
488 1123 540 1164 eos
563 1103 720 1166 hereditas
742 1106 882 1186 pertinet
904 1107 974 1167 iure
997 1106 1096 1167 eiuiii.

50 1191 89 1251 35
199 1189 347 1252 Ceterum
368 1208 463 1270 saepe
481 1189 673 1270 quibusdam
689 1191 731 1252 ita
747 1189 841 1252 datur
856 1191 1007 1253 bonorum
1022 1192 1188 1271 possessio,

112 1282 146 1337 ut
169 1276 196 1336 is
219 1277 270 1337 oui
293 1275 365 1338 data
388 1277 439 1354 sit,
468 1272 558 1359 (nort)
582 1277 723 1356 optineat
740 1276 966 1353 hereditatem;
994 1296 1077 1357 quae
1091 1277 1192 1339 hono-
1212 1292 1241 1337 ro

50 1363 87 1421 36
111 1380 180 1422 rum
205 1362 360 1442 possessio
388 1361 504 1423 dieitur
533 1363 602 1422 sine
631 1380 677 1423 re.
717 1363 793 1423 Nam
824 1363 850 1424 si
879 1363 969 1425 uerbi
999 1364 1098 1443 gratia
1121 1364 1191 1424 iure

111 1446 191 1509 faoto
213 1454 401 1509 testamento
424 1447 518 1509 heres
540 1449 701 1509 institutus
724 1449 861 1510 creuerit
882 1448 1107 1527 hereditatem,
1135 1449 1191 1511 sed

110 1532 264 1595 bonorum
286 1535 516 1614 possessionem
540 1533 716 1595 seeundum
738 1533 862 1596 tabulas
884 1536 1063 1597 testamenti
1080 1542 1190 1614 petere

110 1619 257 1697 noluerit,
283 1627 448 1680 contentus
471 1639 507 1680 eo
530 1618 614 1699 quod
637 1620 707 1680 iure
730 1620 819 1682 eiuih'
832 1621 924 1682 heres
941 1621 991 1699 sit,
1018 1621 1115 1681 nihilo
1131 1620 1192 1680 mi-

111 1724 172 1767 nus
195 1706 217 1765 ii
241 1707 295 1786 qui
318 1706 406 1766 nullo
421 1705 502 1766 iacto
518 1713 705 1767 testamento
720 1705 760 1767 ad
776 1707 915 1768 intestati
930 1704 1007 1768 hona
1022 1715 1187 1786 uocantur,
1210 1721 1240 1767 ⁴5

110 1799 242 1870 possunt
263 1800 373 1872 petere
395 1791 549 1853 honorum
572 1792 818 1871 possessionem;
845 1791 902 1854 sed
924 1793 992 1853 sine
1016 1812 1051 1853 re
1075 1792 1115 1854 ad
1138 1811 1191 1854 eos

116 1875 296 1957 [hereditas]
328 1878 484 1957 pertinet,
519 1896 591 1938 oum
613 1885 802 1939 testamento
824 1879 961 1958 scriptus
982 1879 1075 1939 heres
1099 1880 1192 1940 euin-

50 1961 86 2023 37
109 1980 181 2024 aere
203 1962 416 2025 hereditatem·
435 1964 545 2043 possit.
585 1962 670 2024 Idem
691 1965 770 2025 iuris
793 1974 851 2044 est,
878 1964 904 2024 si
921 1965 1068 2025 intestato
1084 1965 1190 2044 aliquo

108 2058 232 2110 mortuo
261 2068 339 2111 suus
365 2051 459 2110 heres
482 2046 624 2132 nolluerit
644 2059 754 2129 petere
775 2049 921 2111 honorum
944 2049 1187 2131 possessionem,

110 2143 275 2196 contentus
297 2135 427 2216 lepitimo
450 2133 642 2216 iure—iet
671 2145 782 2216 agnato
813 2137 950 2217 conpetit
980 2135 1110 2217 quidem
1133 2135 1190 2197 ho·
1209 2150 1239 2195 so

109 2239 222 2282 norum
245 2221 415 2301 possessio,
442 2220 500 2282 sed
521 2221 589 2282 sine
612 2239 656 2300 re,
683 2222 759 2301 quia
781 2223 886 2283 euinei
909 2221 1068 2283 hereditas
1092 2242 1112 2283 a
1134 2240 1190 2283 suo

109 2307 226 2369 herede
249 2316 363 2386 potest.
404 2314 435 2367 et
462 2306 564 2386 [illud]
590 2307 823 2387 conuenienter,
850 2308 877 2369 si
901 2306 941 2368 ad
956 2316 1105 2388 agnatum
1120 2307 1189 2368 iure

110 2391 199 2453 eiuili
221 2394 360 2472 pertinet
381 2391 542 2455 hereditas
565 2401 597 2453 et
619 2393 646 2454 is
669 2392 784 2454 adierit
805 2391 1024 2473 hereditatem,
1055 2392 1111 2454 sed
1131 2391 1191 2454 ho*

110 2496 222 2540 norum
245 2479 477 2558 possessiouem
500 2486 609 2558 petere
631 2477 778 2558 noluerit,
804 2486 836 2540 et
858 2479 885 2540 si
912 2479 996 2558 [quis
1019 2498 1059 2540 ex
1080 2480 1190 2558 proxi-

110 2562 180 2644 mis]
207 2571 359 2644 cognatus
381 2563 520 2644 petierit,
547 2564 616 2625 sine
639 2583 673 2624 re
695 2564 826 2626 habebit
845 2563 999 2626 honorum
1014 2565 1191 2645 possessio·
1208 2578 1240 2624 et

50 2651 84 2710 38
109 2668 183 2710 nem
206 2659 337 2730 propter
359 2650 492 2712 eandem
506 2650 669 2711 rationem.
711 2652 792 2712 Sunt
806 2658 838 2712 et
854 2651 907 2713 alii
923 2649 1054 2731 quidam
1070 2650 1190 2711 similes

109 2754 212 2814 oasus,
238 2755 375 2816 quorum
397 2736 521 2816 aliquos
537 2733 550 2816 ii
566 2736 728 2815 superiore
745 2738 968 2799 commentario
983 2735 1185 2798 tradidimus.
1198 2748 1291 2810 pgoes

506 2973 639 2989 VVVVVWM
859 2973 1187 2990 WWVWVWWVVWW

178 3058 236 3124 §at
256 3073 342 3125 usque
361 3060 396 3110 ad
415 3065 428 3108 ³
448 3066 524 3111 uocet
542 3065 569 3110 et
587 3061 650 3111 inde
667 3061 701 3110 ab
721 3066 735 3110 ‘i
754 3066 853 3112 remoto
871 3081 903 3103 =
921 3063 985 3112 lost.
1001 3065 1025 3124 3,
1041 3065 1065 3125 9,
1081 3065 1090 3109 t
1113 3059 1125 3124 ΙΙ
1143 3075 1190 3111 soe

109 3128 172 3191 loeo]
195 3129 217 3191 i,
235 3130 282 3176 tii
301 3128 312 3191 ΙΙ
330 3127 387 3194 §³8
406 3132 541 3190 superiore
559 3129 749 3194 commentario]
770 3133 795 3190 2,
812 3132 868 3181 119.
884 3132 930 3180 tte
944 3144 1000 3202 seq.

725 3265 972 3279 ΧΛΛΛΝΧΛΛΛΝΜΝΛΛΛ,
976 3264 1188 3279 *mmm*

178 3372 193 3416 2
211 3367 325 3418 heredes
344 3382 407 3419 suos
423 3368 467 3431 0¹¹,
488 3382 553 3420 suos
570 3368 684 3420 heredes
695 3370 758 3419 lost.
779 3368 791 3432 ΙΙ
812 3372 843 3417 to
863 3383 918 3419 non
936 3370 1034 3420 addidit
1049 3368 1186 3429 Goeseheo,

108 3450 157 3487 em.
182 3436 201 3487 C
220 3438 295 3500 (eoos.
321 3437 352 3488 (ἶει
367 3450 428 3500 pop.
444 3441 493 3489 284
512 3451 582 3491 oers,
596 3438 643 3498 55)
666 3437 677 3500 ΙΙ
701 3443 731 3487 t'i
751 3438 887 3488 heredites
909 3437 991 3499 Cteee
1007 3437 1074 3500 saiso
1090 3438 1188 3500 plesse-

107 3510 176 3555 mote
193 3506 239 3555 hoe
256 3507 410 3556 uocabulum
433 3509 568 3568 irrepsisse
587 3509 721 3568 perspexit
740 3507 879 3567 Poleooer)
901 3505 913 3570 ΙΙ
938 3510 1037 3555 49—20
1062 3507 1189 3566 suppleuit

109 3574 236 3637 Helium,
256 3577 300 3635 poi
317 3578 348 3623 ii
369 3576 440 3625 iure:
467 3588 530 3623 nam
556 3571 560 3642 Ι
585 3577 610 3624 et
628 3577 726 3638 agnato
745 3577 893 3636 temptarem
913 3577 1054 3626 Mommsen
1070 3574 1189 3636 soterian

107 3644 208 3693 mauolt
225 3645 306 3694 ueluti
324 3645 395 3693 iure:
418 3643 444 3692 id
464 3645 486 3693 si
505 3640 573 3709 hiet,
595 3647 708 3707 agnat0;
731 3644 849 3706 Kroeper
874 3645 905 3694 de
926 3639 1039 3708 seilielet
1063 3645 1100 3692 ito
1118 3645 1188 3705 eopi-

108 3714 183 3770 teoit,
197 3717 226 3761 ot
238 3713 315 3761 simol
327 3714 547 3774 transponendum
560 3717 626 3762 esset
637 3713 683 3762 hoo
696 3713 848 3762 adverbium
857 3717 914 3773 post
926 3714 1069 3762 contentus
1086 3711 1097 3774 ΙΙ
1117 3714 1144 3758 tt
1162 3712 1184 3774 e]

107 3793 142 3848 sp
164 3780 191 3840 G,
213 3780 278 3843 eoos.
300 3780 331 3830 ca
345 3795 407 3844 pop.
424 3781 500 3830 XXX
517 3782 602 3830 adnot.
622 3781 647 3841 d)
667 3780 678 3843 ΙΙ
698 3784 728 3828 22
753 3780 820 3830 iilud
843 3783 870 3829 io
892 3783 1061 3842 suspicionem
1084 3783 1188 3830 oooaoit

110 3849 256 3908 demetere,-
275 3862 296 3898 ο.
310 3864 335 3913 p.
353 3852 383 3899 de
401 3853 427 3899 et
450 3850 497 3912 (eet
514 3846 581 3916 (sed)
598 3849 631 3909 et)
654 3849 721 3898 iilud
740 3846 913 3916 conuenienis
931 3845 1077 3915 inueni)tur
1094 3851 1188 3912 eopitot

108 3918 227 3981 Xrueper
238 3917 249 3981 ΙΙ
263 3920 457 3968 conuenienter
472 3918 609 3983 Geeseheo,
625 3918 822 3968 conuenientur
837 3916 856 3967 C
873 3917 884 3980 ΙΙ
902 3922 933 3966 ²3
949 3919 971 3967 is
984 3931 1017 3967 eoo
1030 3918 1072 3967 his
1085 3930 1188 3967 eorrec-

107 3988 180 4036 tem?
202 3985 221 4036 C
241 3987 252 4049 ΙΙ
275 3987 323 4036 sed
344 3987 481 4046 Goesoteo,
506 3987 579 4037 sedsi
606 3986 632 4049 C,
653 3986 720 4048 coos.
748 3985 780 4037 Οι
801 3999 865 4049 pop.
878 3990 929 4037 500
947 3999 1017 4037 oers.
1034 3988 1065 4035 17
1084 3991 1108 4036 et
1123 3999 1185 4049 pop.

105 4059 156 4105 iot
175 4061 275 4104 uersi
297 4054 308 4118 11
332 4058 432 4104 ti-it
451 4057 533 4106 uerbo
551 4056 612 4119 quis
630 4069 663 4105 ex
680 4055 811 4119 proximis
833 4068 867 4105 eos
883 4057 1035 4119 piossemete
1052 4060 1115 4105 uoto
1133 4067 1188 4104 esse

107 4125 214 4174 coniecit
231 4125 380 4176 Monaesen.
