2902 4830
477 241 479 246 ¹
504 309 587 320 -.
632 277 671 338 41
717 310 804 322 ...-
1003 274 1192 341 roras-rm

48 463 82 526 77
108 464 200 541 373377;
227 483 287 526 nec
309 464 443 525 interest
469 481 566 543 quam
595 462 689 545 longe
717 465 801 527 absit
827 465 855 526 is
876 473 974 526 tutor.
1022 464 1085 527 Sed
1106 463 1194 527 exci-

108 551 208 631 pitur,
234 569 274 612 ne
297 550 331 609 in
355 548 495 611 absentis
517 549 641 629 patroni
663 551 768 611 locum
790 551 882 612 liceat
904 550 1041 612 libertae
1057 559 1195 613 tutorem

48 637 83 698 75
107 645 229 716 patero.
277 635 403 697 Patroni
418 633 431 716 ΙΙ
447 644 554 697 autem
575 636 642 697 loco
665 637 820 699 babemus
842 637 938 698 etiarn
953 645 1119 716 parentem
1136 637 1192 716 qui
1201 645 1295 710 pagus

109 741 221 800 exeo,
254 721 341 802 quod
369 722 439 803 ipse
468 721 530 783 sibi
558 721 803 802 remancipatam
825 723 923 784 liliam
945 730 1116 803 neptemue
1139 730 1195 785 aut

107 816 296 888 proneptem
319 808 513 883 manumisit,
539 808 712 888 legitimam
734 809 866 871 tutelam
889 818 1004 870 noctus
1019 817 1078 871 est.
1109 805 1227 895 (3337>3

108 895 205 956 huius
228 892 360 973 quidam
382 892 476 955 liberi
497 888 652 956 fiduciarii
674 897 787 956 tutoris
803 897 870 956 loco
885 903 1056 956 numerant
1057 914 1110 970 ur3
1133 914 1195 976 po-

110 981 192 1043 73337
214 988 315 1042 autem
343 979 440 1041 liberi
470 979 601 1042 eaodem
624 988 672 1042 tut
660 980 756 1042 telam
779 981 1010 1061 adipiscuntur,
1045 1000 1141 1060 quam
1164 991 1195 1043 37

48 1065 86 1126 76
109 1076 202 1148 pater
224 1085 336 1129 eorum
357 1066 479 1127 habuit
526 1065 586 1128 Sed
608 1066 778 1146 aliquando
801 1069 897 1129 etiam
920 1065 953 1127 in
983 1067 1109 1149 patroni
1137 1068 1195 1128 ab·

109 1153 210 1215 sentis
231 1153 335 1214 locum
357 1153 455 1232 parmi
458 1143 579 1215 ttiturt
567 1161 706 1214 tutorem
728 1162 848 1235 petere,
878 1153 980 1215 ueluti
1004 1152 1045 1215 ad
1065 1153 1195 1214 beredi-

48 1238 84 1300 77
108 1248 206 1300 tatem
229 1237 416 1301 adeundam
463 1238 550 1300 Idem
573 1247 664 1301 senat
664 1258 703 1301 us
726 1240 850 1300 censuit
872 1247 905 1300 et
926 1239 960 1299 in
981 1257 1116 1319 persona
1131 1259 1195 1319 pu·
1213 1251 1244 1296 73

48 1324 83 1385 78
107 1325 179 1406 pilli
194 1325 318 1405 patroni
338 1324 406 1386 filii.
437 1325 515 1385 Nam
532 1332 562 1386 et
576 1326 646 1405 lega
662 1326 738 1387 Iulia
758 1324 797 1386 de
820 1324 1007 1386 maritandis
1030 1323 1196 1387 ordinibus

110 1413 140 1472 ei
164 1429 247 1491 quae
269 1411 303 1472 in
325 1409 467 1491 legitima
489 1411 588 1472 tutela
604 1412 720 1493 pupilli
735 1411 786 1490 sit,
809 1412 1006 1491 permittitur
1020 1409 1104 1472 dotis
1120 1430 1196 1472 con-

48 1495 84 1558 79
109 1496 291 1560 stituendaa
314 1497 415 1598 gratia
439 1516 457 1557 a
478 1506 624 1577 praetore
646 1498 770 1559 urbano
792 1505 929 1558 tutorem
952 1506 1072 1577 patere.
1113 1499 1195 1559 Sane

108 1583 236 1664 patroni
258 1582 341 1646 filius
364 1584 488 1645 etiamsi
511 1582 649 1663 inpubes
671 1584 725 1663 sit,
753 1583 885 1645 libertae
916 1581 1144 1645 efficietmrtut
1095 1591 1191 1661 tutor,

109 1687 293 1770 quamquam
315 1670 349 1730 in
371 1669 460 1730 nulla
482 1688 516 1729 re
540 1678 648 1730 auctor
670 1670 739 1731 fieri
767 1678 889 1749 potest,
923 1688 995 1730 cum
1025 1669 1086 1748 ipsi
1116 1670 1196 1730 nihil
1216 1680 1246 1726 73

48 1757 83 1817 30
108 1756 303 1856 permissum
326 1757 367 1816 sit
390 1755 460 1816 sine
482 1757 597 1816 tutoris
620 1756 806 1818 auctoritate
828 1774 935 1835 agere.
982 1756 1059 1815 Item
1082 1756 1109 1816 si
1133 1773 1196 1834 qua

110 1843 144 1903 in
166 1842 267 1902 tutela
289 1841 429 1920 legitima
452 1840 564 1902 furiosi
587 1851 642 1904 aut
664 1842 744 1903 muti
767 1843 809 1903 sit
817 1841 1053 1922 ,permittitur
1082 1841 1112 1902 ei
1144 1860 1197 1902 se-

109 1927 350 1990 natusconsulto
387 1924 469 1989 dotis
499 1928 740 1990 constituendae
771 1889 871 2008 gratia
902 1936 1040 1988 tutorem
1070 1936 1192 2007 petere.

48 2015 80 2074 77
110 2013 236 2086 Quibus
259 2012 385 2075 casibus
407 2014 528 2075 saluam
551 2033 680 2076 manere
703 2014 836 2075 tutelam
851 2022 983 2094 patrono
1004 2013 1196 2092 patronique

48 2102 86 2164 82
110 2100 177 2161 filio
199 2098 402 2161 manifestum
426 2108 485 2161 est.
517 2102 680 2163 Praeterea
703 2109 832 2161 senatus
856 2100 990 2177 censuit,
1017 2107 1054 2160 ut
1069 2100 1096 2160 si
1112 2108 1197 2161 tutor
1214 2109 1246 2155 33

107 2185 228 2268 pupilli
249 2185 438 2266 pupilloeue
460 2197 628 2266 suspectus
652 2205 669 2247 a
691 2187 791 2248 tutela
822 2195 963 2247 remotus
983 2186 1034 2264 sit,
1061 2187 1132 2247 siue
1156 2203 1197 2246 ex

108 2273 195 2334 iusta
218 2290 312 2333 causa
333 2271 432 2333 luerit
454 2281 634 2351 excusatus,
659 2273 692 2332 in
716 2273 818 2333 locum
840 2273 911 2333 eius
933 2272 1016 2332 alius
1037 2279 1124 2332 tutor
1139 2269 1197 2332 de-

48 2360 83 2420 73
107 2366 173 2436 tur,
201 2376 263 2437 quo
286 2358 366 2419 facto
389 2358 477 2438 prior
498 2367 583 2419 tutor
605 2359 722 2419 amittit
743 2357 884 2419 tutelam.
919 2358 1001 2418 Haec
1023 2358 1128 2417 omnia
1150 2357 1196 2416 si-

107 2444 228 2505 militer
250 2452 282 2505 et
302 2445 418 2506 Romae
443 2446 530 2506 etin
552 2440 735 2527 prolluinciis
758 2443 982 2521 obseruantur,
1009 2441 1131 2503 scilicet
1147 2435 1297 2526 (3733373

107 2533 220 2592 Romae
241 2548 263 2590 o
281 2524 439 2614 praetore)
463 2539 495 2592 et
523 2532 556 2590 in
586 2529 763 2610 prouinciis
791 2549 809 2591 a
838 2527 987 2609 praeside
1009 2528 1195 2607 prouinciae
1214 2538 1246 2585 aa

48 2621 83 2680 77
108 2625 195 2677 tutor
224 2616 289 2695 peti
318 2615 431 2678 debeat.
480 2617 562 2677 Olim
591 2636 664 2677 cum
686 2617 766 2695 legis
789 2617 928 2678 actiones
950 2615 984 2674 in
1006 2633 1069 2675 usu
1092 2622 1192 2693 erant,

109 2702 206 2764 etiam
229 2720 270 2762 ex
291 2702 345 2763 illa
369 2721 464 2764 eausa
486 2710 573 2763 tutor
595 2701 742 2781 dabatur,
768 2702 795 2763 si
819 2703 903 2762 inter
924 2709 1062 2761 tutorem
1078 2709 1109 2761 37
1123 2719 1198 2760 mu-

106 2788 222 2850 lierem
242 2787 442 2868 pupillumue
464 2789 532 2868 lege
555 2787 715 2869 agendum
731 2796 815 2865 erat;
842 2806 915 2848 nam
934 2786 1009 2866 quia
1025 2787 1095 2866 ipsc
1110 2794 1197 2846 tutor

108 2875 143 2935 in
158 2892 194 2935 re
210 2892 268 2936 sua
283 2882 393 2939 auotor
409 2893 478 2936 esse
494 2893 558 2936 non
575 2882 708 2955 poterat,
727 2874 809 2935 alius
825 2872 971 2952 dabatur,
992 2891 1055 2952 quo
1069 2880 1195 2934 auctore

108 2960 189 3040 legis
203 2961 284 3021 actio
300 2969 522 3040 perageretur3
549 2962 605 3039 qui
622 2959 790 3022 dicebatur
808 2960 986 3040 praetorius
1002 2967 1099 3031 tutor,
1122 2958 1197 3037 quia
1216 2968 1247 3014 33

110 3066 131 3108 3
152 3054 300 3126 praetore
322 3046 445 3108 urbano
469 3046 613 3108 dabatur.
646 3045 702 3108 sed
717 3055 789 3126 post
804 3045 945 3107 sublatas
961 3044 1041 3124 legis
1057 3045 1196 3107 actiones

109 3131 242 3212 quidam
263 3140 380 3213 putant
400 3133 482 3194 banc
504 3133 643 3213 speciem
667 3130 764 3194 dandi
787 3133 902 3193 tutoris
924 3132 958 3192 in
975 3149 1038 3191 usu
1054 3149 1124 3192 esse
1140 3129 1198 3192 de-

1141 3262 1193 3279 NV*

179 3342 190 3386 7
213 3337 293 3400 absit]
313 3337 400 3388 aberit
416 3337 442 3397 0,
464 3337 738 3388 313337733333333737
757 3338 909 3398 Mommsen,
930 3335 1028 3386 abierit
1041 3337 1171 3385 Poleoaor
1187 3333 1198 3400 l}

110 3409 125 3456 7
147 3409 363 3471 remancipatam
389 3407 535 3466 03333733,
560 3408 802 3470 remmanoipatam
826 3405 846 3456 0
867 3404 878 3467 11
903 3405 952 3455 3337
974 3406 1033 3454 33737
1055 3405 1194 3466 13733333,

109 3488 160 3527 om.
178 3477 206 3537 0,
227 3476 295 3538 3337.
312 3475 345 3526 03
358 3487 422 3538 999
435 3481 486 3526 733
504 3489 575 3526 3333
591 3478 622 3525 77
635 3489 701 3537 seqq.
720 3475 731 3538 11
750 3478 814 3524 6-7
829 3474 936 3538 patroni
949 3477 1040 3523 antem
1056 3472 1195 3531 03333733,

108 3548 201 3595 autem
218 3545 325 3609 patroni
341 3544 360 3595 0
376 3543 387 3607 ll
406 3548 420 3592 7
440 3543 518 3593 liberi
531 3544 648 3594 eandem
663 3545 801 3604 03333733,
822 3542 907 3592 1713333
920 3542 1016 3592 eadem
1033 3541 1052 3592 0
1070 3541 1081 3604 ll
1100 3544 1115 3588 9
1134 3554 1198 3603 per-

108 3613 234 3677 mittitur]
249 3613 316 3675 3337.
335 3613 431 3676 031177
450 3614 583 3676 73337333
597 3611 609 3676 7
624 3615 673 3663 7777
684 3615 789 3663 uidetur
799 3616 857 3674 post
870 3611 882 3677 7
897 3615 945 3661 783
959 3611 1109 3660 collocando
1121 3623 1176 3659 3333
1187 3606 1197 3677 ΙΙ

109 3685 136 3734 37
153 3683 283 3746 1313773339,
303 3695 317 3732 a
340 3681 387 3745 017
406 3685 434 3730 77
456 3681 611 3746 pupiliaeue
632 3682 775 3740 03333733,
799 3681 908 3745 pulleno
923 3679 942 3729 0
958 3680 970 3743 ll
988 3682 1019 3727 73
1039 3680 1145 3729 amittet
1162 3692 1197 3728 33

109 3750 249 3810 3333777770,
269 3751 336 3813 3337.
355 3749 397 3801 033
415 3751 426 3814 11
445 3752 546 3801 att-25
565 3746 593 3816 (7
607 3752 654 3800 733
664 3751 707 3800 337
719 3751 801 3800 somate
813 3750 1019 3810 supplementum
1036 3749 1198 3798 3333333337

108 3821 298 3870 renuntiarem
315 3832 443 3880 33333333,-
468 3822 495 3869 37
515 3820 648 3880 particulo
669 3819 780 3881 73373333
805 3819 913 3868 dolendo
938 3821 975 3867 337
994 3816 1005 3879 ΙΙ
1023 3820 1054 3865 77
1078 3819 1197 3866 tutorem

111 3888 252 3950 dormitm,
267 3889 357 3938 tutore
372 3887 391 3938 0
406 3888 418 3952 ll
437 3891 469 3938 28
482 3887 651 3951 pupillumuo
666 3887 805 3946 03333733,
820 3886 988 3950 pupillumqe
1001 3884 1021 3935 0
1030 3884 1041 3948 ΙΙ
1054 3886 1141 3949 legem
1158 3881 1198 4018 011

108 3961 183 4007 tutor
197 3957 339 4018 03333733,
358 3956 518 4018 7337313370,
538 3956 606 4018 3337
586 3955 656 4018 730
671 3953 1178 4018 99930911301egis]legislegisG

108 4029 184 4076 tutor
204 4026 344 4087 03333733,
364 4024 464 4077 tutelae
486 4026 514 4086 0,
533 4025 601 4088 3337.
625 4025 657 4076 03
671 4037 734 4087 999.
748 4021 829 4086 73371
852 4026 879 4072 37
903 4037 918 4074 3
940 4023 1077 4083 03333733,
1099 4022 1195 4082 autc,

108 4095 177 4159 3337.
201 4095 234 4146 03
247 4107 311 4158 999.
324 4065 376 4148 772
394 4096 406 4159 ll
424 4094 540 4146 dabatur
560 4094 699 4154 03333733,
719 4092 800 4142 datur
821 4093 864 4144 0¹¹.
