2902 4830
115 423 186 466 rum
209 404 400 466 Gaianorum
422 411 605 466 contextum
628 410 660 464 et
683 403 771 465 ilium
795 402 834 464 de
858 420 920 483 quc
943 401 1082 464 diximus
1112 413 1306 483 apparatum

116 491 269 567 criticum,
297 488 435 550 indicem
458 490 673 569 congessimus
695 508 803 550 eorum
826 489 975 566 locorum,
1002 489 1056 566 qui
1079 488 1134 549 uel
1158 489 1197 548 in
1214 490 1306 569 Dige-

115 578 172 638 stis
194 576 247 637 uel
278 575 311 636 in
337 573 593 636 iustitutionihus
615 575 781 637 Iustiniani
810 575 862 636 uel
891 575 924 635 iu
953 573 1022 634 aliis
1051 572 1145 634 libris
1179 575 1306 638 iuridici

115 659 290 741 argumenti
313 680 354 722 ex
376 661 433 722 Gai
455 659 711 723 institutionibus
733 662 801 723 siue
824 659 864 722 ad
886 660 1023 722 uerbum
1050 668 1146 720 tenus
1176 672 1305 726 seruata

117 746 268 809 orationis
291 744 427 808 Gaianae
451 746 550 809 forma
573 747 641 807 siue
665 747 770 808 leuius
793 745 956 807 immutata
979 743 1140 825 desumpti
1164 748 1303 830 sunt21).

116 832 288 894 Omisimus
309 841 415 894 tamen
438 833 470 893 in
493 833 551 894 hoc
573 831 677 894 indice
700 832 875 912 Epitomam
897 830 1056 909 Gaianam,
1083 850 1182 911 quam
1208 852 1251 895 ne
1275 837 1304 896 in

116 927 271 998 apparatu
292 918 399 980 critico
422 916 552 998 quidem
574 919 743 980 citauimus
766 919 827 979 nisi
851 920 883 979 in
906 918 982 978 locis
1004 916 1205 996 quibusdam
1222 919 1305 982 diffi-

117 1002 291 1065 cilioribus.
331 1004 391 1066 Vbi
415 1023 539 1082 eorum,
566 1004 620 1084 qui
643 1006 676 1065 in
698 1005 755 1065 hoc
779 1003 883 1065 indice
906 1003 1133 1083 respiciuntur,
1166 1002 1303 1069 fontium

116 1097 284 1151 contextus
306 1090 384 1152 adeo
407 1091 563 1152 consentit
586 1109 656 1151 cum
679 1090 758 1170 ipsis
774 1088 829 1151 Gai
852 1088 971 1165 uerbis,
997 1097 1033 1150 ut
1053 1108 1163 1151 omnes
1179 1089 1304 1156 discre-

115 1177 243 1255 pantias
259 1195 300 1238 ex
314 1176 377 1237 illis
393 1177 425 1237 in
440 1184 596 1258 apparatu
611 1177 718 1237 critico
735 1185 862 1238 enotare
878 1176 980 1254 liccat,
1000 1175 1058 1235 hoc
1072 1174 1163 1254 signo
1180 1179 1304 1242 utimur

115 1280 195 1318 »=«
218 1261 302 1343 (uide
326 1282 355 1324 e.
374 1281 403 1342 g.
429 1260 545 1344 1§t);
581 1261 637 1323 ubi
668 1262 761 1343 paulo
789 1260 936 1343 pluribus
959 1261 1134 1323 immutatis
1158 1263 1203 1323 ita
1229 1285 1304 1327 con-

116 1348 227 1427 sentit,
261 1356 298 1410 ut
326 1348 391 1410 iere
414 1367 522 1411 omnes
545 1346 774 1429 discrepantias
796 1356 923 1409 enotare
947 1347 1087 1427 licuerit,
1121 1346 1182 1408 hoc
1212 1352 1303 1430 signo

114 1432 201 1494 »fere
224 1455 287 1491 =<‹
315 1432 398 1515 (uide
423 1453 448 1495 e.
466 1454 496 1515 g.
522 1431 661 1516 1§38);
694 1434 751 1495 ubi
785 1433 921 1513 denique
945 1432 1093 1495 Gaianam
1124 1435 1302 1499 orationem

115 1517 249 1582 liberius
277 1529 430 1582 mutatam
459 1539 528 1581 esse
558 1529 707 1600 apparet,
740 1538 836 1598 quam
864 1527 900 1580 ut
929 1537 1036 1581 omnes
1066 1517 1303 1600 discrepantias

115 1613 241 1666 enotare
264 1604 311 1666 ias
334 1606 375 1667 sit
396 1639 440 1649 -
461 1604 495 1666 id
518 1605 604 1685 quod
626 1606 753 1684 saepius
776 1607 809 1666 in
832 1605 923 1666 libris
944 1605 1184 1666 Institutionum
1207 1609 1304 1670 lusti-

114 1689 202 1750 niani
225 1691 318 1752 tertio
333 1700 366 1751 et
387 1700 498 1771 quarto
513 1708 609 1769 quam
625 1692 657 1751 in
673 1691 763 1752 libris
778 1692 879 1771 primo
896 1700 928 1752 ct
942 1690 1081 1753 secundo
1097 1690 1216 1754 iactum
1234 1715 1303 1757 esse

115 1783 237 1837 constat
258 1810 311 1855 -,
336 1776 395 1836 hoc
417 1777 506 1855 signo
529 1777 649 1837 utimur
670 1775 789 1837 »conio
815 1775 899 1855 (uide
922 1796 951 1837 e.
970 1797 998 1856 g.
1025 1777 1037 1836 l
1059 1775 1160 1859 §39).

201 1861 236 1920 ln
259 1861 369 1923 eodem
386 1861 622 1924 adnotationum
637 1861 787 1924 laterculo
804 1862 907 1924 sicubi
923 1863 1019 1924 Gaius
1035 1864 1103 1943 ipse
1120 1862 1200 1926 alios
1216 1887 1304 1928 com-

116 1948 342 2008 mentariorum
364 1966 495 2009 suorum
518 1949 601 2009 locos
623 1949 709 2026 citat,
735 1968 788 2010 eos
810 1948 892 2010 locos
916 1950 982 2010 suis
1004 1949 1147 2010 numeris
1162 1952 1303 2032 signatos
1344 1994 1346 2003 .

115 2031 330 2095 iudicauimus
356 2031 443 2114 (uide
468 2052 496 2093 e.
515 2053 545 2114 g.
571 2034 583 2092 l
606 2031 702 2116 §att
1344 2044 1346 2059 ⁴

202 2119 236 2179 In
259 2120 449 2199 paginarum
479 2120 619 2199 margine
647 2118 757 2181 dextro
786 2137 934 2180 numeros
965 2120 1152 2200 paginarum
1183 2124 1302 2186 codicis

116 2205 306 2266 Veronensis
329 2204 567 2285 adscripsimus,
593 2205 723 2267 confinia
748 2206 858 2266 harum
879 2207 1067 2284 paginarum
1092 2207 1124 2265 in
1141 2207 1213 2287 ipso
1228 2229 1303 2271 uer-

117 2288 232 2351 borum
256 2291 446 2353 Gaianorum
469 2300 620 2353 contextu
647 2291 695 2352 his
717 2291 841 2352 lineolis
863 2289 875 2371 ΙΙ
899 2292 1165 2371 significauimus:
1200 2297 1302 2357 ueluti

116 2374 214 2438 buius
232 2377 379 2439 editionis
400 2397 473 2459 pag.
493 2380 509 2439 d
533 2397 621 2440 uers.
640 2378 680 2440 22
705 2378 763 2438 hae
779 2376 912 2440 lineolae
929 2376 1070 2439 indicant
1084 2386 1155 2458 post
1170 2382 1223 2443 uel
1238 2392 1302 2443 ter-

116 2462 230 2523 minari
246 2463 364 2525 codicis
379 2466 568 2527 Veronensis
583 2465 730 2545 paginam
743 2465 772 2541 2,
791 2463 931 2525 incohari
948 2462 1091 2525 eiusdem
1107 2466 1299 2544 paginam3.

116 2548 280 2610 Praeterea
294 2551 328 2610 in
351 2549 461 2612 codem
475 2554 663 2631 paginarum
679 2549 820 2629 margine
836 2550 948 2612 dextro
969 2552 1211 2613 numerauimus
1229 2574 1303 2615 uer-

116 2652 172 2696 sus
202 2636 390 2715 paginarum
420 2636 516 2697 huius
546 2634 711 2711 editionis,
750 2634 791 2696 ad
817 2653 897 2715 quos
926 2633 1145 2697 adnotationes
1176 2639 1302 2702 criticas

116 2718 310 2799 redegimus.

204 2805 239 2864 In
261 2805 449 2884 paginarum
472 2807 612 2885 margine
637 2805 762 2867 sinistro
785 2804 1011 2886 adscripsimus
1034 2825 1183 2868 numeros
1206 2829 1304 2888 para-

119 2891 310 2970 graphorum
340 2891 496 2971 cuiusque
525 2891 616 2969 libri;
658 2890 829 2953 eorundem
857 2910 1013 2954 summam
1040 2893 1303 2972 comprehensam

118 2994 218 3055 prope
242 2977 414 3054 marginem
437 2977 626 3038 exteriorem
656 2976 697 3058 (in
721 2996 843 3038 summa
865 2978 989 3058 pagina)
1018 2977 1236 3041 exhibuimus.

205 3063 363 3122 Postremo
387 3081 457 3123 cum
481 3062 603 3124 nullum
630 3081 710 3144 opus
737 3083 755 3124 a
784 3064 990 3144 typographis
1021 3065 1065 3125 ita
1093 3064 1234 3143 finiatur,
1270 3075 1304 3129 ut

118 3147 213 3227 plane
229 3146 403 3227 perfectum
419 3147 481 3210 dici
499 3150 610 3228 possit,
637 3168 709 3230 pag.
727 3168 766 3209 xi
788 3160 940 3228 sequatur
955 3148 1054 3211 index
1070 3168 1189 3229 corum,
1218 3171 1303 3231 quae

120 3232 152 3293 in
174 3233 233 3296 hac
255 3232 394 3295 editione
418 3234 601 3313 corrigenda
623 3236 678 3297 uel
700 3233 845 3297 addenda
868 3255 938 3298 esse
961 3234 1143 3297 uideantur.

206 3319 391 3382 Scribebam
413 3319 612 3401 Argentorati
636 3320 702 3382 Kal.
728 3322 796 3382 lun.
815 3341 844 3383 a.
862 3340 1092 3382 uueccmxuu.

1146 3443 1302 3452 -ῌ

190 3491 229 3552 24)
248 3492 325 3555 Raro,
346 3491 394 3542 ubi
413 3506 482 3557 opus
500 3506 560 3543 esse
579 3493 670 3542 uisum
689 3495 744 3552 est,
771 3490 887 3542 conferri
912 3493 1041 3543 iussimus
1060 3493 1161 3543 similes
1179 3492 1256 3545 locos
1276 3498 1304 3544 in

120 3558 322 3676 {piswtpracter
347 3563 533 3613 institutiones
558 3561 682 3623 Gaianas)
710 3562 757 3611 Gai
781 3561 858 3611 libris
885 3565 1019 3624 extantes3
1050 3561 1113 3612 uide
1136 3576 1159 3612 e.
1180 3577 1204 3626 g.
1234 3565 1256 3611 11
1276 3561 1304 3627 ἕξ
