2902 4830
196 307 410 373 tutuo-m
456 388 458 392 A
577 341 662 354 -.
709 308 769 370 134
812 341 899 352 ,-

336 493 437 578 1ἔνθεν
461 485 506 558 d'
532 493 675 564 οἰνίζοντο
698 489 946 578 καρηκομόωντες
967 489 1094 578 Ἀχαιοί,

350 572 438 644 ἄλλοι
461 518 513 662 pgr
536 582 655 666 χαλκῷ,
682 571 769 643 ἄλλοι
792 576 814 643 ὅ
843 577 952 644 αἴθωνι
974 575 1101 665 σιδήρῳ,

351 658 438 730 ἄλλοι
462 664 494 729 δὲ
518 666 620 772 1ινοῖς,
648 656 735 729 ἄλλοι
757 660 781 729 δ’
808 660 917 751 crit-pot
941 661 1070 752 βόεσσιν,

351 745 439 817 ἄλλοι
462 747 484 814 δ’
511 746 760 840 ανδραπόδεσοι.)

196 839 342 900 diuersae
365 839 656 902 scholaeauctores
679 839 873 901 dissentiunt
899 838 1049 917 aliudque
1073 858 1143 902 csse
1168 842 1318 902 existi-5

195 933 283 985 mant
304 927 569 1005 permutationem
591 944 716 1003 rerum,
748 925 834 986 aliud
857 926 1043 1005 emptionem
1066 936 1097 986 ct
1118 925 1283 988 uenditio-

196 1029 284 1088 nem,
317 1013 458 1092 alioquin
480 1031 540 1072 coa
559 1029 648 1092 porse
676 1031 743 1072 rem
774 1009 920 1090 expediri
947 1013 1138 1090 permutatis
1169 1013 1279 1092 rebus,

196 1115 281 1175 quae
308 1096 457 1159 uideatur
486 1116 538 1160 res
566 1099 707 1175 uenisse,
746 1105 778 1159 et
809 1115 890 1176 quae
922 1096 1019 1176 pretii
1047 1098 1175 1158 nominc
1206 1098 1283 1161 dato

197 1201 276 1261 esse,
304 1182 361 1244 sed
383 1202 494 1245 rursus
517 1192 684 1263 utramque
707 1202 774 1244 rem
796 1182 901 1244 uideri
921 1191 953 1243 et
966 1183 1096 1244 uenisse
1113 1193 1145 1245 et
1159 1193 1284 1246 utram-

195 1287 259 1348 que
282 1270 379 1348 pretii
401 1271 526 1332 nomine
549 1268 653 1331 datam
685 1288 754 1330 esse
782 1267 954 1330 absurdum
982 1267 1098 1330 uideri.
1154 1270 1212 1332 sed
1237 1270 1283 1332 ait
1300 1281 1332 1326 lo

197 1354 323 1417 Caelius
345 1355 492 1434 SabinuS,
520 1357 547 1418 si
570 1374 639 1416 rem
661 1354 721 1416 tibi
743 1354 889 1416 uenalem
913 1354 1053 1433 habenti,
1079 1356 1181 1417 ueluti
1206 1356 1282 1418 lun-

196 1439 283 1517 dum,
314 1439 501 1522 [acceperim
525 1441 567 1522 et]
593 1441 690 1521 pretii
705 1442 831 1501 nomine
847 1439 1007 1502 hominem
1023 1440 1103 1502 forte
1120 1440 1277 1517 dederim,

196 1525 331 1588 fundum
363 1527 491 1607 quidem
526 1527 629 1589 uideri
663 1528 810 1605 uenisse,
846 1527 1005 1588 hominem
1041 1536 1148 1588 autem
1183 1529 1280 1608 pretii

195 1614 321 1674 nominc
345 1612 453 1676 datum
477 1633 558 1692 esse,
583 1623 618 1674 ut
641 1612 760 1674 fundus
783 1613 988 1692 acciperetur.

112 1751 172 1812 442
282 1751 404 1811 Locatio
426 1759 532 1812 autem
556 1758 588 1810 et
611 1748 776 1810 conductio
799 1749 955 1810 similibus
978 1749 1098 1829 regulis
1113 1753 1281 1813 constitui·
1299 1761 1326 1806 45

196 1844 263 1911 tur;
290 1836 354 1897 niti
376 1836 460 1896 enim
484 1854 605 1896 merces
627 1843 711 1895 certa
734 1843 850 1897 statuta
867 1837 918 1914 sit,
945 1853 1008 1895 non
1025 1834 1153 1897 uidetur
1169 1837 1280 1899 locatio

113 1920 171 1980 443
196 1929 228 1981 ο4
251 1920 416 1981 conductio
439 1921 590 1981 contrahi.
631 1920 720 1982 Vnde
744 1922 771 1982 si
795 1921 897 1982 alieno
920 1921 1051 1982 arbitrio
1066 1941 1190 1984 merces
1206 1942 1282 2004 per-

196 2007 293 2067 missa
316 2006 366 2084 sit,
393 2007 483 2068 uelut
506 2007 617 2086 quanti
637 2007 737 2067 Titius
760 2006 987 2086 aestimauerit,
1013 2003 1026 2088 11
1050 2008 1217 2085 quaeritur
1239 2029 1278 2073 an
1287 2015 1367 2080 pgroo

195 2091 306 2152 locatio
337 2101 369 2153 et
396 2091 560 2153 conductio
584 2091 797 2154 contrahatur.
835 2113 898 2174 qua
926 2091 965 2153 de
992 2111 1088 2155 causa
1117 2095 1144 2154 si
1168 2094 1283 2158 lulloni

196 2177 344 2257 polienda
371 2177 567 2254 curandaue,
599 2179 782 2239 sarcinatori
806 2177 970 2240 sarcienda
998 2180 1192 2242 uestimenta
1223 2181 1280 2244 de·
1297 2189 1326 2234 44

196 2262 304 2343 derint,
330 2264 419 2326 nulla
442 2266 548 2326 statim
570 2262 716 2326 mercede
739 2265 919 2340 constituta,
945 2273 1052 2344 postea
1075 2273 1200 2326 tantum
1224 2267 1280 2329 da-

196 2358 287 2412 turus
311 2350 421 2430 quanti
445 2351 606 2412 internos
629 2351 830 2430 conuenerit,
864 2351 1030 2430 quaeritur
1052 2369 1091 2411 an
1114 2352 1227 2415 locatio
1250 2362 1280 2415 et

111 2437 170 2497 444
196 2435 361 2498 conductio
385 2437 597 2499 contrahatur.
633 2437 703 2498 item
733 2437 759 2496 si
789 2455 856 2497 rem
879 2437 938 2498 tibi
960 2435 1112 2497 utendam
1136 2436 1280 2500 dederim

197 2531 228 2582 et
251 2523 390 2584 inuicem
420 2523 513 2585 aliam
542 2542 608 2584 rem
637 2522 788 2584 utendam
818 2523 1011 2602 acceperim,
1044 2523 1213 2602 quaeritur
1240 2544 1278 2587 an

112 2608 171 2669 445
195 2608 304 2670 locatio
332 2618 363 2670 et
389 2608 555 2671 conductio
582 2608 794 2670 contrahatur.
848 2606 936 2669 Adeo
963 2617 1069 2670 autem
1102 2612 1221 2690 emptio
1248 2621 1279 2672 et
1295 2618 1326 2664 25

1078 2744 1278 2761 WWVVNfNu

263 2794 335 2860 1443
349 2797 413 2846 inde
426 2796 459 2846 ah
474 2800 505 2844 49
518 2810 569 2858 qua
580 2796 1042 2860 usqueadaacoaoonerit=1nst
1059 2800 1084 2859 3,
1098 2795 1164 2852 abl
1182 2790 1193 2853 ΙΙ
1206 2791 1219 2857 i
1231 2794 1277 2842 lit

195 2864 266 2914 conl.
287 2865 350 2914 lust.
367 2870 391 2925 t,
406 2867 448 2926 24,
463 2869 478 2913 2
496 2865 507 2928 11
525 2864 538 2930 1
553 2867 600 2914 445
620 2877 707 2929 usque
725 2864 759 2914 ad
779 2867 839 2927 tat,
855 2866 869 2912 4
888 2867 1022 2915 conductio
1034 2885 1066 2907 =
1079 2867 1143 2917 lnst.
1159 2863 1183 2922 3,
1199 2864 1239 2922 at,
1256 2865 1278 2910 3.

263 3037 327 3084 4-4
344 3048 395 3097 pro
411 3032 447 3102 1),
468 3038 535 3097 qood
547 3050 581 3086 oc
594 3037 656 3086 last.
676 3037 776 3085 addidit
790 3035 928 3099 Goeschco,
949 3040 976 3086 ct
994 3037 1099 3100 reliqua
1117 3036 1220 3086 exaltat
1234 3034 1277 3097 0¹¹,

193 3117 259 3165 quac
281 3105 364 3154 ocrim
389 3105 482 3154 deleuit
501 3105 649 3154 Boomboch
671 3103 682 3168 11
707 3108 721 3153 5
745 3104 908 3154 dissentiunt
929 3103 955 3166 C,
983 3106 1017 3154 od
1040 3107 1134 3154 contra
1159 3105 1279 3154 sentiunt

194 3175 290 3223 ducunt
307 3174 370 3223 lost.
397 3172 407 3236 11
433 3173 642 3238 demptionem]
663 3173 730 3235 cons.
755 3173 786 3224 C*
800 3186 864 3236 pop.
877 3177 928 3227 265
947 3187 1017 3223 aare.
1035 3176 1065 3223 47
1087 3172 1098 3236 11
1123 3178 1136 3222 7
1157 3172 1277 3236 alioquin

194 3255 246 3292 non
266 3255 346 3307 posse
364 3242 492 3304 suppleuit
512 3242 640 3292 Gocscheo
658 3255 692 3291 cac
712 3242 787 3301 lost,
807 3241 873 3303 conf.
894 3247 980 3292 tomen
1001 3242 1049 3302 C²;
1066 3245 1095 3293 io
1115 3241 1149 3291 0¹1
1166 3242 1280 3304 fortusse

194 3310 460 3376 alioquoinnposside
482 3311 525 3360 oct
542 3311 626 3360 simile
643 3311 740 3371 aliquid
758 3312 843 3360 extitit
865 3310 876 3373 ΙΙ
899 3315 912 3361 8
932 3311 994 3361 data
1015 3311 1089 3370 lost,
1115 3310 1215 3360 datae?
1235 3305 1277 3376 011

194 3385 208 3430 9
228 3381 276 3432 sed
294 3393 390 3430 rursus
408 3381 551 3442 utramque
570 3393 628 3429 rem
645 3379 688 3440 Cn,
710 3391 773 3427 nam
790 3383 933 3443 utramque
953 3381 1015 3430 lost.
1036 3379 1047 3443 11
1070 3383 1153 3427 9-44
1172 3382 1277 3429 utram-

193 3464 246 3514 que
264 3449 344 3514 pretii
365 3448 407 3511 0¹¹,
429 3449 507 3512 pretii
525 3450 587 3498 lost.
609 3447 620 3512 11
640 3452 670 3496 ta
688 3448 771 3497 uerbo
788 3449 940 3511 acceperim
958 3452 986 3498 et
1003 3450 1096 3498 deleuit
1114 3449 1257 3498 Moramsoa
1268 3443 1280 3515 11

194 3521 225 3567 44
244 3517 344 3568 fundus
366 3518 503 3580 Gocschea,
523 3516 637 3567 fundum
659 3515 679 3567 C
701 3516 712 3580 11
738 3520 769 3566 45
788 3517 960 3567 constituitur
978 3517 1096 3566 Huschke
1114 3518 1183 3576 olim,
1211 3530 1277 3566 con·

193 3589 342 3638 stituuntur
362 3587 382 3637 C
402 3586 413 3650 11
437 3590 467 3636 48
487 3587 581 3650 quanti
601 3586 738 3645 Goeschao,
766 3598 819 3649 qua
841 3583 860 3634 C
880 3584 891 3648 11
917 3589 948 3635 49
972 3599 1024 3649 qua
1049 3585 1083 3635 de
1105 3584 1217 3644 Cloat,
1244 3598 1278 3635 ex

193 3656 288 3706 eadem
311 3657 413 3706 mauult
431 3656 548 3705 Huschke
569 3654 580 3718 11
604 3653 699 3704 lulloni
719 3655 790 3714 last,
816 3653 911 3704 lulloin
933 3654 952 3705 C
974 3653 985 3717 11
1008 3657 1039 3702 24
1065 3655 1226 3704 sarcinatori
1248 3653 1277 3713 C,

193 3727 240 3774 aut
257 3725 417 3775 sarcinatori
437 3724 500 3774 last.
520 3722 531 3786 11
550 3727 645 3772 ao-at
670 3722 792 3773 dederim
813 3724 956 3783 Goeschoo,
971 3722 1128 3773 dederimus
1143 3721 1186 3782 Cn,
1208 3723 1275 3784 coos.

195 3791 226 3841 0²
240 3805 306 3858 pop,
318 3794 370 3845 274
387 3792 398 3856 11
417 3796 445 3841 24
468 3796 561 3856 postca
576 3791 619 3854 Cn,
639 3792 686 3841 scd
705 3793 797 3855 postea
811 3793 872 3841 last.
897 3791 908 3855 1
929 3795 961 3840 22
981 3792 1073 3855 quanti
1095 3790 1123 3852 C,
1143 3795 1277 3855 quantum

194 3861 256 3910 last.
280 3860 290 3924 11
312 3865 343 3910 23
364 3862 428 3910 item
448 3863 586 3921 Poloaoor,
611 3861 656 3910 uel
678 3859 712 3911 Cn
732 3861 808 3923 (conf.
832 3860 863 3911 0²
883 3874 947 3923 pop.
960 3865 1011 3911 544
1035 3874 1106 3910 cors.
1123 3864 1156 3909 44
1173 3865 1197 3909 ot
1212 3874 1276 3923 pop.

192 3930 244 3982 274
260 3942 330 3978 ocra.
344 3933 389 3991 241
407 3930 418 3993 11
436 3934 572 3992 25-445,
592 3933 607 3978 2
626 3929 726 3994 emptio
745 3932 773 3978 et
789 3929 910 3979 uenditio
929 3931 956 3978 ct
974 3928 1073 3979 locatio
1091 3932 1118 3978 ct
1130 3929 1278 3979 conductio

193 3995 402 4048 familiaritatem
420 3999 539 4064 aliquam
559 4001 629 4048 inter
646 4011 674 4047 se
694 3996 794 4048 habere
812 3999 943 4048 uidentur
958 3997 998 4058 0¹¹,
1020 3997 1231 4048 familiaritatem
1249 4011 1274 4048 a.

192 4068 210 4117 i.
231 4079 253 4115 s.
273 4065 300 4115 h.
320 4066 449 4116 uidentur
474 4068 574 4132 emptio
599 4069 626 4116 et
649 4066 771 4117 uenditio
795 4069 860 4116 item
884 4067 983 4116 locatio
1002 4069 1029 4115 ct
1046 4066 1191 4116 conductio
1211 4067 1274 4117 last.

193 4136 273 4198 (coos.
290 4135 372 4186 Gaios
390 4136 454 4186 libro
472 4137 583 4186 secondo
599 4149 690 4187 rorum
708 4136 907 4186 cottidianarum
924 4136 984 4198 Dio.
1001 4139 1042 4197 49,
1056 4141 1083 4198 2,
1096 4141 1123 4196 2,
1141 4136 1175 4196 4).
