2902 4830
547 346 632 357 -
679 313 739 373 117
785 346 868 356 -..
1066 311 1248 377 111161-11

97 503 141 564 70
167 510 225 563 est.
274 500 337 562 Sed
366 501 392 562 si
422 520 494 562 oum
524 500 636 562 liberis
666 500 733 562 suis
763 498 858 563 etiam
887 510 1074 562 extraneum
1097 499 1249 562 heredem

165 597 317 668 patronus
340 585 516 666 reliquerit,
549 587 675 649 Coelius
698 587 836 648 Sabinus
859 585 903 648 ait
924 595 988 648 tota
1006 587 1094 648 hona
1117 606 1174 668 pro
1197 589 1249 648 ui-

165 673 279 735 rilibus
306 673 454 752 partibus
484 671 524 734 ad
552 672 668 734 liberos
698 672 841 735 defuncti
867 672 1044 752 pertinere,
1077 675 1151 753 quia
1176 692 1248 734 curn

166 769 336 820 extraneus
358 759 452 820 heres
475 758 659 838 interuenit,
685 778 747 819 non
768 759 864 819 hahet
878 759 931 820 lex
946 760 1036 820 lunia
1053 759 1164 837 locum,
1192 759 1248 821 sed

165 845 489 908 senatusconsultum.
521 845 690 906 Iauolenus
712 852 817 906 autem
840 844 884 905 ait
901 853 1025 906 tanturn
1041 852 1248 925 campartem
1268 857 1281 902 5

165 951 205 992 ox
234 931 509 992 senatusconsulto
538 929 655 991 liberos
683 930 809 1010 patroni
837 949 895 1010 pro
924 930 1072 992 uirilibus
1101 929 1248 1011 partibus

164 1017 327 1078 habituros
350 1035 431 1094 esse,
457 1035 554 1097 quam
577 1018 720 1078 extranei
742 1015 876 1078 heredes
899 1027 971 1079 anto
988 1017 1249 1078 senatusconsul-

164 1112 233 1164 tum
262 1104 330 1184 lege
354 1102 445 1164 lunia
473 1102 613 1164 habituri
643 1111 763 1180 essent,
798 1103 939 1182 reliquas
961 1122 1038 1165 uero
1060 1111 1167 1183 partes
1190 1122 1247 1183 pro

97 1190 136 1251 71
165 1188 365 1251 hereditariis
387 1188 533 1268 partibus
557 1187 596 1250 ad
619 1207 672 1249 eos
694 1189 867 1270 pertinere.
914 1190 992 1250 ltom
1015 1189 1185 1269 quaeritur
1207 1208 1248 1250 an

164 1275 222 1335 hoc
244 1275 555 1336 senatusconsultum
578 1274 618 1336 ad
640 1293 693 1335 eos
715 1275 841 1355 patroni
863 1275 980 1336 liberos
996 1276 1165 1354 pertineat,
1192 1277 1298 1354 quito

165 1380 204 1421 cx
226 1361 291 1422 filia
313 1369 449 1441 nepteue
471 1368 688 1440 procreantur,
714 1359 748 1421 id
771 1368 877 1422 estut
898 1380 998 1440 nepos
1021 1379 1112 1421 meus
1128 1378 1168 1421 ex
1183 1361 1249 1422 filia

162 1447 266 1527 potior
288 1447 329 1507 sit
352 1449 385 1508 in
408 1445 500 1508 honis
516 1447 617 1507 Latini
641 1446 703 1506 mei
726 1465 824 1527 quam
846 1455 1016 1507 extraneus
1038 1448 1142 1507 heres,
1173 1447 1248 1507 item

165 1529 238 1615 (an)
261 1532 301 1594 ad
330 1540 488 1593 maternos
511 1533 636 1594 Latinos
666 1532 725 1593 hoc
755 1532 1067 1594 senatusconsultum
1089 1531 1249 1612 pertineat

164 1620 340 1699 quaeritur,
366 1618 400 1680 id
422 1627 528 1680 estut
550 1617 699 1679 inbonis
721 1618 822 1679 Latini
845 1619 981 1680 materni
1003 1619 1105 1698 potior
1127 1619 1169 1679 sit
1189 1638 1249 1698 pa-

162 1713 272 1767 tronae
295 1704 380 1766 filius
404 1724 501 1785 quam
522 1705 614 1766 heres
637 1712 809 1765 extraneus
831 1703 953 1766 matris.
997 1704 1103 1766 Cassio
1126 1703 1248 1784 placuit
1266 1718 1298 1763 15

162 1798 299 1870 utroque
329 1810 405 1852 casu
427 1790 532 1852 locum
554 1810 624 1852 esse
648 1791 933 1852 senatusconsulto.
973 1790 1029 1852 sed
1052 1790 1148 1852 huius
1171 1809 1248 1851 sen-

162 1877 295 1937 tentiam
321 1877 467 1957 plerique
496 1877 683 1957 inprobant,
725 1875 800 1956 quia
830 1884 960 1938 senatus
989 1876 1028 1938 de
1057 1877 1107 1938 his
1136 1875 1247 1937 liberis

166 1961 395 2043 [patronarum]
415 1962 495 2023 nihil
511 1963 637 2041 sentiat,
665 1963 720 2042 qui
737 1962 832 2024 aliam
846 1962 998 2023 familiam
1021 1971 1244 2042 sequerentur.

162 2047 261 2129 idque
285 2067 324 2109 ex
347 2067 383 2109 eo
406 2057 536 2128 apparot
558 2047 644 2128 quod
666 2049 853 2110 nominatim
877 2048 1084 2111 exheredatos
1107 2044 1247 2110 summo-

160 2143 230 2211 uet3
260 2153 333 2195 nam
358 2133 488 2196 uidetur
511 2134 550 2196 de
572 2135 622 2196 his
645 2134 763 2196 sentire
786 2135 841 2214 qui
864 2133 1052 2196 exheredari
1074 2154 1092 2195 a
1114 2143 1247 2214 parente
1265 2148 1296 2192 16

161 2220 281 2300 solent,
314 2220 341 2281 si
369 2219 503 2281 heredes
532 2239 595 2281 non
624 2220 851 2297 instituantur;
884 2239 990 2300 neque
1019 2230 1124 2281 autem
1154 2219 1247 2281 matri

162 2305 264 2367 filium
286 2306 443 2385 filiamue,
477 2326 584 2388 neque
608 2302 703 2390 611611
726 2315 866 2367 materno
889 2314 1033 2386 nepotem
1060 2313 1242 2386 neptemue,
1256 2317 1348 2378 11116

163 2390 190 2453 61
213 2411 287 2454 eum
309 2412 421 2454 eamue
443 2392 595 2454 heredem
619 2411 682 2453 non
704 2393 867 2470 instituat,
903 2390 1094 2452 exheredare
1118 2409 1247 2475 necesse

164 2487 227 2557 est,
261 2479 329 2539 siue
360 2477 400 2539 de
423 2479 493 2540 iure
516 2479 605 2540 ciuili
628 2496 840 2558 quaeramus,
873 2477 943 2538 siue
966 2476 1005 2538 de
1029 2476 1128 2537 edicto
1151 2495 1248 2557 prae-

162 2565 257 2642 toris,
284 2584 347 2645 quo
370 2565 552 2644 praeteritis
575 2563 685 2625 liheris
708 2572 815 2624 contra
837 2562 965 2625 tabulas
987 2562 1166 2624 testamenti
1189 2562 1247 2623 bo·
1265 2575 1297 2620 16

162 2669 275 2711 norum
298 2651 457 2730 possessio
479 2650 687 2730 promittitur.

95 2732 139 2797 72
248 2733 428 2816 Aliquando
451 2745 557 2798 tamen
580 2736 660 2797 ciuis
675 2736 834 2797 Romanus
857 2734 990 2796 libertus
1009 2742 1172 2814 tamquam
1187 2737 1246 2795 La·
1348 2766 1352 2793 1

163 2820 252 2882 tinus
275 2823 423 2900 moritur,
454 2822 546 2883 uelut
568 2823 594 2883 si
618 2821 747 2883 Latinus
770 2821 859 2884 saluo
882 2822 951 2883 iure
974 2821 1100 2901 patroni
1123 2818 1163 2882 ab
1186 2821 1247 2880 1111-

163 2917 309 2988 peratore
332 2909 382 2969 ius
406 2908 578 2980 Quiritium
601 2916 791 2969 consecutus
814 2907 922 2968 fuerit.
968 2925 1058 2984 nam,
1092 2914 1128 2968 ut
1149 2905 1246 2969 diuus

163 2994 318 3054 Traianus
341 2993 516 3075 constituit,
543 2996 569 3055 si
585 2993 714 3055 Latinus
737 2993 838 3055 inuito
861 2994 915 3055 uel
935 2993 1098 3073 ignorante
1114 3001 1245 3073 patrono
1265 3005 1296 3050 ao

164 3080 215 3140 ius
238 3079 410 3152 Quiritium
434 3079 473 3140 ab
496 3081 686 3160 imperatore
710 3088 900 3141 consecutus
922 3081 980 3158 sit,
1011 3078 1143 3160 [quibus
1166 3081 1247 3140 casi-

162 3163 235 3246 bus]
269 3163 346 3226 dum
374 3163 459 3227 uiuit
481 3167 540 3227 iste
563 3165 715 3245 libertus,
749 3167 861 3228 ceteris
885 3166 1013 3227 ciuibus
1035 3165 1183 3226 Romanis
1206 3165 1247 3225 li-

162 3249 263 3311 hertis
286 3250 399 3312 similis
423 3259 525 3313 estet
548 3253 647 3314 iustos
668 3252 786 3313 liberos
809 3259 963 3332 procreat,
990 3251 1125 3311 moritur
1140 3259 1246 3311 autem

162 3336 263 3399 Latini
287 3337 367 3416 iure,
393 3356 453 3399 nec
475 3338 505 3399 61
528 3337 621 3399 liberi
645 3337 714 3399 eius
736 3336 867 3399 herodes
891 3357 961 3399 esse
981 3344 1130 3417 possunt;
1157 3335 1244 3395 etin

160 3519 1244 3540 ammmmwvwmmvmmvwmxwwvwxxwwwxxvvxwv

231 3648 241 3691 1
265 3648 306 3694 661
326 3645 465 3704 (16666166,
485 3645 510 3694 61
531 3643 609 3707 0111
630 3645 736 3695 Caelius
757 3646 895 3706 6666611611,
922 3639 1034 3710 slelius‘l
1056 3641 1134 3704 0111
1154 3644 1246 3691 extra·

161 3725 230 3762 neus
251 3712 388 3777 Gocschen,
409 3716 551 3763 extraneos
573 3712 714 3775 01116166
735 3714 873 3772 (16666166,
894 3710 1037 3774 heresldes’
1052 3711 1111 3772 16161
1132 3709 1159 3771 C,
1179 3711 1245 3773 cons.

161 3779 196 3830 C⁸
210 3794 272 3844 pap.
290 3783 368 3830 XXX
383 3783 470 3845 116111
491 3783 502 3844 11
522 3786 551 3830 13
573 3795 607 3832 an
626 3783 724 3832 addidit
739 3782 868 3832 Gocschcn
886 3781 897 3844 11
918 3784 947 3829 18
966 3782 1143 3845 patronarum
1158 3778 1191 3838 C;
1211 3793 1246 3829 611

156 3849 228 3912 falso
244 3851 397 3913 glossemate
423 3856 515 3900 catum
535 3853 639 3900 uidetur
662 3864 717 3900 6666
739 3849 751 3914 11
775 3855 806 3899 13
826 3853 982 3900 summouet
1002 3848 1141 3910 Goeschco,
1169 3861 1245 3898 sum-

161 3917 271 3968 mobcat
285 3918 318 3978 C;
337 3925 441 3970 seruato
460 3921 631 3970 summouent
648 3922 810 3969 coniunctiuo
825 3920 911 3980 possis
924 3931 983 3967 cum
994 3918 1150 3966 Polcoaaric
1163 3931 1246 3978 supra

157 3991 273 4036 661619
287 3991 417 4051 corripere
430 4002 558 4052 apparere
570 3988 581 4051 11
594 3991 625 4036 11
640 3991 766 4051 nepotem
782 3987 920 4048 (locotheta,
936 3988 1044 4050 npotem
1056 3984 1075 4035 C
1085 3984 1096 4048 11
1110 3987 1140 4034 at
1155 3986 1244 4036 edicto

163 4055 303 4117 Gocschon,
324 4057 448 4107 exedicto
470 4057 489 4108 C
506 4057 517 4119 11
538 4062 568 4106 31)
589 4057 722 4107 Traianus
743 4056 881 4115 Goescltco,
903 4057 1026 4106 troianus
1047 4053 1139 4118 01131
1162 4056 1245 4104 uerbo

158 4123 261 4188 quibus
271 4124 381 4177 casibus
394 4127 488 4177 deleuit
495 4128 636 4176 Mommsen
648 4125 659 4189 11
673 4128 703 4174 31
715 4125 830 4176 heredes
840 4137 899 4175 esse
913 4125 1052 4188 Gocsohen,
1063 4124 1209 4174 heredesso
1218 4121 1244 4173 C.
