2902 4830
112 1260 151 1318 id

173 281 184 330 1
203 277 330 344 §as-as
566 311 651 320 ....-
698 276 736 337 12
780 311 866 320 ..-

173 486 324 545 numero,
358 485 398 528 ex
420 484 488 545 quo·
507 463 639 527 dimidia
662 473 716 526 aut
738 464 831 526 tertia
854 472 910 525 aut
932 473 1045 544 quarta
1067 473 1124 526 aut
1147 465 1269 545 quinta

173 573 248 634 pars
271 552 400 614 liberari
423 560 538 631 potest,
562 552 725 631 pauciores
747 551 960 612 manumittere
977 550 1079 630 liceat,
1109 569 1210 630 quam
1227 572 1269 614 ex

174 637 375 700 antecedenti
398 656 530 698 numero
554 637 654 698 licuit.
695 646 727 698 et
749 637 807 697 hoc
829 638 898 716 ipsa
922 637 983 718 lopo
1003 637 1174 717 prouisum
1197 648 1264 714 est;

175 733 242 787 erat
265 726 350 785 enim
374 742 449 785 sane
472 722 655 802 absurdum,
682 731 717 784 ut
740 724 762 783 i}
784 741 947 784 seruorum
971 721 1097 783 domino
1115 724 1267 804 quinque

174 810 310 871 liberare
344 810 473 886 liceret,
509 809 585 888 quia
618 826 721 887 usque
754 807 794 870 ad
829 807 991 869 dimidiam
1028 818 1153 888 partem
1196 812 1268 871 eius

175 897 300 958 numeri
323 895 547 956 manumittere
570 895 600 955 ei
624 893 820 971 conceditur,
846 896 891 955 iu
915 890 1045 976 (auteur)
1070 913 1186 957 seruos
1210 896 1268 957 ha-

173 983 262 1043 benti
286 1001 348 1042 non
380 982 489 1061 plures
519 980 629 1042 liceret
651 983 872 1042 manumittere
896 999 991 1060 quam
1013 981 1077 1058 {1113
1114 982 1189 1042 item
1220 983 1267 1043 eis

177 1069 232 1148 qui
254 1069 363 1149 plures
386 1086 480 1146 quam
500 1075 522 1127 i
544 1084 648 1145 neque
665 1064 677 1146 ΙΙ

484 1155 528 1213 (24
546 1166 640 1202 uersus
657 1155 685 1202 ia
706 1153 726 1203 C
743 1154 792 1214 lapi
809 1154 949 1213 nequeunt)

608 1253 620 1335 d
643 1274 716 1316 nam
747 1264 778 1315 et
807 1255 834 1314 si
864 1262 1038 1316 testamento
1069 1255 1201 1334 scriptis
1233 1257 1267 1316 in

176 1343 284 1405 orbem
308 1343 411 1404 seruis
434 1342 565 1403 libertas
588 1340 660 1403 data
684 1343 734 1418 sit,
762 1340 968 1419 quianullus
991 1339 1065 1400 ordo
1083 1343 1267 1404 manumis-

176 1432 274 1491 sionis
297 1430 472 1508 inuenitur‚
498 1428 579 1489 nulli
603 1427 695 1488 liberi
719 1436 828 1505 erunt,
855 1427 930 1505 quia
954 1427 1006 1487 lex
1025 1427 1111 1486 Fufia
1128 1427 1264 1489 Caninio

176 1534 258 1595 quae
292 1517 326 1576 in
360 1514 506 1577 fraudem
538 1515 608 1574 eius
638 1513 718 1574 facta
749 1513 813 1573 sint
842 1512 1004 1573 rescindit.
1060 1522 1135 1573 sunt
1166 1516 1265 1575 etiam

896 1700 996 1715 mm

247 1827 256 1870 t
280 1821 393 1870 dimidia
417 1835 451 1870 eu
473 1820 616 1870 dimidiam
641 1825 785 1869 correctum
805 1821 825 1871 C
845 1820 856 1883 ΙΙ
877 1821 970 1883 quinta
993 1835 1028 1870 eoo
1051 1822 1176 1884 quintam
1202 1837 1263 1872 cor-

175 1896 275 1940 rectum
296 1890 315 1940 C
337 1889 348 1952 11
372 1894 384 1938 3
412 1888 479 1951 cous.
508 1888 550 1938 0²¹
573 1889 584 1951 ΙΙ
608 1891 622 1937 i
648 1888 814 1938 abosurdum
836 1889 856 1940 C
877 1889 888 1952 ΙΙ
911 1893 924 1938 5
951 1890 1010 1939 eius
1033 1891 1093 1938 add.
1123 1887 1183 1952 021¹,
1212 1905 1263 1941 ora.

180 1958 210 2010 0¹
234 1959 245 2022 ΙΙ
270 1963 284 2007 6
310 1957 469 2007 conceditur
491 1958 531 2006 ῖιι
554 1957 654 2019 autem]
680 1958 807 2007 concedit
836 1973 871 2007 xu
900 1957 943 2018 01,
974 1960 1016 2007 oui
1040 1959 1144 2007 teriiiae
1168 1973 1265 2021 super-

177 2024 313 2088 scripsisse
334 2024 364 2077 02
381 2027 519 2076 uidebatur
535 2028 584 2076 soli
602 2027 720 2076 Blutmio
738 2026 817 2089 (cous.
835 2026 888 2087 0³),
908 2027 976 2089 conf.
998 2026 1262 2091 capuanorum.

178 2102 210 2146 tt
228 2101 253 2146 et
271 2096 337 2158 couf.
361 2095 404 2145 (35ιε
426 2095 438 2158 ΙΙ
460 2098 473 2142 7
495 2095 568 2158 item]
589 2097 617 2144 at
638 2094 657 2145 C
680 2100 742 2145 teste
767 2095 927 2155 Goescheuo,
952 2095 1020 2158 conf.
1043 2096 1075 2146 Ca
1094 2109 1157 2159 pap.
1179 2099 1233 2151 273
1255 2095 1265 2163 Η

177 2169 191 2215 8
216 2170 276 2226 post
299 2178 387 2228 neque
410 2167 438 2214 ia
455 2176 526 2212 uouo
540 2166 651 2228 popina.
675 2177 741 2225 quoe
758 2178 828 2214 uuae
852 2166 901 2228 topi
923 2168 1024 2226 aequit,
1054 2164 1136 2214 Gaius
1160 2167 1264 2228 reliqua

178 2236 208 2285 de
228 2247 256 2283 co
274 2248 337 2283 casu
355 2235 485 2283 addidisse
502 2234 615 2293 uidetur,
641 2246 691 2295 quo
713 2234 821 2282 dominis
836 2235 927 2294 plures
944 2247 1023 2294 quoru
1039 2235 1054 2282 ir
1072 2247 1155 2294 aeque
1170 2237 1263 2295 plures

177 2317 255 2365 quom
273 2305 323 2352 fxi
340 2317 430 2352 seruos
448 2303 598 2352 tabentibus
612 2303 703 2363 plures
720 2305 903 2352 manumittere
926 2303 1003 2351 licere
1025 2303 1161 2352 uideretur
1183 2317 1264 2364 quom

177 2375 213 2422 eis
230 2375 274 2434 qui
289 2373 379 2432 plures
397 2385 476 2433 quau
492 2374 541 2422 ᾗ
566 2385 656 2421 seruos
679 2372 823 2422 tabuerint.
863 2372 982 2421 Fortasse
1006 2372 1060 2420 atio
1084 2373 1206 2432 coempto
1232 2374 1263 2423 de

176 2443 318 2492 maioribus
335 2444 451 2490 aumeris
469 2454 606 2492 seruorum
628 2442 717 2491 addita
741 2445 824 2490 crant.
864 2440 1042 2502 Sequebantur
1060 2453 1100 2499 aa,
1120 2442 1262 2502 dequibus

176 2513 286 2573 qupit.
303 2515 450 2572 1,2,2-4
469 2512 507 2560 tis
525 2511 612 2560 uerbis
630 2513 733 2572 apitur:
753 2509 824 2558 Nam
843 2510 865 2558 si
884 2509 982 2572 aliquis
994 2511 1154 2558 testamento
1168 2509 1261 2573 plures

178 2580 371 2630 manumittere
394 2579 528 2637 uoluerit,
555 2592 636 2643 quam
660 2580 726 2641 quot
744 2579 863 2626 continet
880 2591 1011 2626 uumerus
1029 2590 1112 2642 supra
1131 2579 1258 2642 scriptus,

177 2649 244 2699 ordo
263 2648 416 2698 seruandus
434 2651 489 2708 est,
511 2650 540 2697 ut
557 2648 611 2697 illis
628 2650 734 2697 tantum
753 2645 864 2696 libertas
881 2646 982 2708 ualeat,
1002 2647 1048 2709 qui
1067 2647 1142 2709 prius
1160 2660 1261 2698 manu·

177 2718 253 2766 missi
278 2720 355 2776 sunt,
385 2730 473 2779 usque
496 2717 532 2765 ad
555 2716 633 2765 iilum
658 2728 819 2776 numerum,
852 2728 933 2780 quem
960 2715 1113 2779 explanatio
1137 2717 1262 2765 continet

177 2786 302 2850 superius
321 2787 530 2848 comprehensa;
557 2787 603 2848 qui
621 2798 688 2834 uero
706 2787 798 2848 postea
817 2796 898 2847 supra
917 2785 1094 2833 constitutum
1113 2797 1260 2834 numerum

177 2854 338 2904 manumissi
356 2853 491 2915 leguntur,
513 2854 541 2901 in
560 2855 690 2902 seruitute
708 2866 755 2902 eos
774 2856 877 2902 certum
898 2857 937 2902 ast
954 2866 1124 2917 permanere.
1157 2853 1260 2912 Quodsi

177 2936 231 2972 nou
250 2921 411 2970 nominatim
431 2922 504 2971 serui
522 2922 566 2971 uel
584 2920 699 2970 ancillae
719 2923 746 2970 in
765 2924 926 2971 testamento
945 2923 1183 2982 manumittantur,
1211 2924 1259 2974 sed

176 2988 288 3040 contuse
312 3002 407 3038 omnes
431 3003 526 3040 seruos
554 3003 619 3040 suos
641 2989 686 3039 uel
711 2990 824 3040 ancilias
846 2992 870 3040 is
893 2991 940 3054 qui
964 2993 1159 3040 testamentum
1184 2991 1258 3052 facit,

177 3058 278 3108 liberos
295 3057 385 3107 tacere
403 3059 534 3119 uoluerit,
561 3057 628 3108 nulli
650 3060 758 3122 penitus
782 3057 862 3109 firma
887 3072 945 3109 esse
964 3058 1074 3109 iubetur
1091 3059 1144 3109 hoo
1162 3061 1260 3111 ordine

176 3128 237 3178 data
256 3127 376 3186 libertas
396 3128 445 3176 sed
464 3141 559 3177 omnes
577 3129 605 3176 in
624 3127 717 3177 seruili
736 3128 906 3187 condicione,
926 3129 973 3192 qui
986 3128 1039 3178 hoc
1051 3128 1260 3179 ordinemanu-

178 3197 254 3247 missi
282 3199 358 3257 sunt,
387 3196 595 3260 permanebunt.
640 3210 704 3246 nam
729 3198 779 3246 etsi
807 3198 844 3246 ita
872 3198 898 3246 in
926 3199 1087 3248 testamento
1114 3211 1259 3249 seruorum

177 3265 355 3317 manumissio
379 3265 516 3330 adscripta
540 3265 636 3326 fuerit,
663 3265 691 3314 id
715 3269 756 3315 est
777 3267 805 3314 in
833 3266 949 3327 circulo,
975 3268 1006 3315 ut
1030 3267 1076 3330 qui
1100 3268 1184 3331 prior,
1211 3268 1258 3331 qui

177 3336 311 3399 posterior
329 3336 483 3384 nominatus
503 3336 550 3396 sit,
577 3347 631 3383 non
649 3336 735 3399 possit
752 3336 877 3397 agnosci,
905 3335 973 3384 nulli
992 3350 1025 3384 ex
1043 3336 1085 3385 his
1103 3335 1258 3386 libertatem

177 3406 268 3455 ualere
287 3402 460 3454 manifestum
479 3406 529 3466 ast,
549 3404 573 3453 si
590 3406 701 3466 agnosci
720 3416 773 3452 uon
792 3407 881 3468 potest
898 3405 943 3467 qui
962 3405 1045 3467 prior,
1065 3405 1112 3467 qui
1124 3407 1259 3469 posterior

175 3473 256 3524 tuerit
273 3475 468 3524 manumissus.
489 3499 520 3510 -
542 3471 563 3536 (§
577 3473 599 3533 a)
616 3472 685 3522 Nam
703 3473 726 3521 si
744 3472 843 3537 aliquis
861 3473 888 3521 in
907 3473 1076 3534 aegritudine
1095 3475 1259 3524 constitutus

176 3545 203 3592 iu
223 3542 347 3592 fraudem
365 3542 446 3592 huius
465 3542 531 3604 legis
549 3541 638 3591 iacere
656 3540 775 3591 noluerit
791 3544 991 3600 tastamentum,
1013 3542 1062 3591 sed
1075 3543 1199 3607 epistulis
1212 3545 1259 3593 aut

175 3611 394 3675 quibuscumque
413 3611 473 3661 aliis
492 3609 574 3661 rebus
592 3611 680 3660 seruis
699 3613 756 3660 suis
778 3610 903 3675 pluribus
928 3624 1010 3674 quam
1034 3625 1085 3675 per
1108 3613 1258 3661 testamen-

176 3684 234 3729 tum
252 3680 327 3739 licet,
355 3679 478 3730 conterre
500 3680 617 3729 uoluerit
640 3678 795 3742 libertam,
821 3684 848 3731 et
870 3679 921 3729 sub
945 3683 1068 3743 tempore
1091 3682 1186 3730 mortis
1205 3681 1258 3730 hoc

175 3747 278 3811 iecerit,
299 3749 327 3797 hi
345 3750 391 3812 qui
409 3750 485 3813 prius
504 3750 664 3799 manumissi
682 3747 789 3811 tuerint,
809 3762 897 3811 usque
917 3748 952 3797 ad
970 3763 1113 3798 numerum
1131 3751 1258 3814 superius

177 3818 355 3866 coustitutum
373 3817 452 3868 liberi
470 3820 561 3880 erunt,
587 3819 633 3882 qui
656 3831 724 3868 uero
748 3820 810 3883 post
834 3820 964 3867 statutum
989 3831 1132 3868 numerum
1159 3832 1258 3868 manu-

177 3887 252 3935 missi
270 3884 379 3949 fuerint,
400 3888 473 3937 serui
492 3888 550 3937 sine
569 3886 652 3937 dubio
671 3886 877 3952 permanebunt.
919 3885 939 3950 t§
954 3887 977 3948 t)
992 3887 1060 3937 Nam
1074 3889 1096 3937 si
1110 3888 1258 3937 incolumis

174 3966 363 4018 quoscumque
381 3955 491 4006 diuerso
510 3960 632 4021 tempore
650 3957 818 4016 manumisit,
839 3956 909 4004 inter
926 3967 972 4004 eos
991 3957 1038 4018 qui
1051 3970 1099 4018 per
1109 3958 1257 4006 tastamen-

175 4029 233 4073 tum
252 4024 410 4073 manumissi
427 4027 499 4087 sunt,
520 4026 674 4075 nullatenus
688 4026 879 4089 computentur
894 4024 905 4086 ΙΙ
925 4028 955 4072 tt
975 4026 997 4074 si
1016 4027 1174 4075 testamento
1189 4025 1258 4075 Goe-

175 4093 260 4151 sctcu,
280 4092 315 4142 sit
336 4091 363 4150 G,
384 4093 450 4155 cous.
468 4093 500 4143 ca
513 4107 575 4157 pap.
589 4098 640 4144 dut
658 4095 707 4157 ius.

1285 823 1300 868 5

1275 1079 1349 1141 papir

1274 1200 1349 1331 dogit
