2902 4830
91 490 219 566 praeter
233 481 451 543 institutiones
470 481 562 543 libris
584 482 681 544 Gaius
703 489 832 543 secutus
854 488 902 543 est
913 479 964 562 ¹⁰).
1004 483 1114 563 ltaque
1138 482 1275 564 (praeter

91 565 338 648 orthographica)
369 567 403 627 in
432 567 576 629 minutiis
606 567 669 629 sihi
699 574 895 629 constantem
925 586 996 629 esse
1026 567 1138 631 Gaium
1167 568 1271 646 nolui;

92 652 177 737 quod
199 654 255 734 qui
278 653 437 731 maluerit,
463 651 547 714 facili
570 653 694 733 negotio
716 653 792 714 talia
814 651 997 715 emendabit
1019 654 1114 734 quale
1129 653 1210 716 illud
1225 665 1275 716 est

91 743 104 802 l
127 739 220 822 §tta
248 736 331 820 (pag.
351 739 402 816 li,
424 737 462 798 t7
486 738 582 801 huius
605 737 762 822 editionis)
789 738 1027 820 obligationisne
1048 739 1272 820 suscipiendae.

90 825 232 888 Eandem
254 824 496 886 inconstantiam
517 826 551 886 in
572 825 744 887 uerborum
767 824 869 887 modis
897 823 1085 888 adhibendis
1112 843 1175 887 non
1204 844 1273 888 raro

90 932 162 975 cum
187 911 210 972 G
231 929 421 973 conseruare
447 911 561 973 malui:
591 912 693 973 ueluti
715 911 728 970 l
750 908 825 992 §76
854 909 934 992 (pag.
955 912 1005 989 tt,
1025 912 1065 974 22
1088 913 1182 973 huius
1205 909 1275 973 edi-

88 998 193 1078 tionis)
225 1005 373 1078 expectes
403 996 562 1058 conubium
590 999 661 1076 sit,
692 991 836 1079 19495ὴ
869 995 950 1078 (pag.
969 997 1020 1076 ll,
1042 996 1090 1078 li)
1126 1004 1274 1078 expectes

90 1084 251 1162 dederit,
277 1091 336 1145 etc.
382 1084 446 1144 Nee
468 1090 574 1145 tamen
595 1084 684 1145 inani
705 1081 896 1163 prudentiae
918 1082 1012 1145 laude
1035 1083 1100 1145 sola
1121 1081 1272 1145 delector.

90 1171 174 1243 Quin
197 1170 291 1232 etiam
314 1169 420 1230 nescio
443 1187 483 1230 an
505 1168 667 1230 nonnullis
688 1168 768 1230 locis
789 1168 915 1248 longius
937 1188 1033 1250 quam
1056 1188 1114 1250 par
1135 1178 1185 1231 est
1198 1187 1274 1250 pro·

90 1273 219 1336 gressus
242 1256 302 1316 sim
324 1255 359 1315 in
380 1253 589 1334 perpolienda
610 1254 750 1317 oratione
766 1254 903 1316 Gaiana:
930 1254 976 1316 sic
997 1252 1128 1317 uidetur
1142 1254 1273 1335 quidem

89 1342 166 1403 Gaio
188 1341 222 1401 in
244 1339 517 1418 institutionibus,
551 1341 578 1401 si
606 1339 706 1402 codici
730 1339 753 1400 0
774 1338 854 1402 fides
882 1339 1027 1402 habenda
1055 1349 1120 1419 est,
1151 1340 1273 1421 ubique

91 1426 183 1489 reddi
205 1444 298 1506 posse
317 1424 448 1506 proinde
470 1424 569 1487 lorma
589 1422 680 1506 (conf.
701 1426 739 1485 Gt
759 1443 831 1505 pag.
851 1423 942 1507 28t);
969 1435 1105 1488 attamen
1121 1426 1274 1488 confiten-

90 1512 167 1575 dum
191 1519 240 1572 cst
266 1511 300 1571 in
328 1512 375 1572 eis
404 1511 607 1591 fragmentis,
641 1529 723 1591 quae
753 1513 809 1590 qui
839 1509 929 1572 iussu
958 1512 1123 1573 Iustiniani
1146 1513 1273 1591 Digesta

90 1597 344 1677 compilauerunt
366 1616 406 1659 ex
434 1597 505 1658 aliis
531 1595 667 1679 (praeter
689 1594 915 1678 institutiones)
943 1597 998 1659 Gai
1024 1596 1117 1660 libris
1140 1616 1275 1679 excerp-

91 1690 212 1762 serunt,
240 1682 362 1763 Gaium,
390 1683 416 1744 si
439 1683 490 1746 his
511 1682 648 1744 testibus
671 1680 750 1744 fides
772 1681 917 1744 habenda
940 1691 998 1762 est,
1024 1685 1122 1745 multo
1146 1684 1273 1764 saepius

87 1768 217 1851 perinde
238 1767 391 1831 adnerbio
420 1787 514 1830 usum
543 1787 614 1830 esse
643 1786 738 1849 quam
766 1769 904 1849 proinde.
959 1769 1123 1832 Nescimus
1154 1779 1270 1848 antem,

90 1875 154 1936 qua
175 1853 322 1917 libertate
346 1855 564 1935 compilatores
580 1855 746 1916 Iustiniani
769 1855 918 1916 orationis
941 1854 1155 1936 antiquiorum
1178 1855 1275 1917 iuris-

89 1941 303 2003 consultorum
325 1938 457 2002 iormam
485 1942 696 2002 mutauerint:
728 1958 758 2002 e.
780 1959 811 2021 g.
843 1941 980 2003 testibus
1008 1941 1146 2021 Digestis
1169 1941 1220 2018 lt,
1242 1941 1271 2019 l,

90 2028 200 2105 tigit
224 2025 321 2088 Gaius
343 2026 443 2088 semel
465 2026 591 2106 scripsit
609 2025 740 2107 proinde
762 2045 798 2088 ec
820 2029 855 2088 si
871 2026 1098 2108 paterfamilias
1109 2027 1162 2107 ¹1),
1195 2027 1272 2088 alibi

88 2122 268 2174 constanter
285 2112 417 2192 proinde
439 2131 475 2174 ec
494 2110 573 2192 (sinc
589 2113 625 2193 si)
646 2113 680 2173 in
695 2110 852 2174 eiusmodi
867 2112 1095 2190 locutionibus;
1122 2115 1184 2174 iam
1201 2131 1273 2175 cum

90 2198 220 2281 iptio
248 2196 329 2280 (pag.
354 2198 445 2277 36,9
475 2199 571 2260 huius
602 2197 758 2279 editionis)
793 2197 893 2260 codex
917 2199 941 2258 0
967 2198 1118 2278 praebeat
1141 2199 1273 2280 proinde

89 2304 127 2346 ac
149 2285 185 2346 si
201 2284 301 2364 filiae,
335 2285 419 2347 hunc
448 2284 666 2345 soloecismum
696 2285 756 2364 ipsi
779 2284 855 2346 Gaio
878 2283 1019 2347 tribuere
1043 2288 1144 2365 prima
1166 2284 1272 2365 specie

88 2372 146 2433 uix
168 2370 338 2450 quisquam
361 2368 576 2444 dubitauerit3
610 2377 747 2431 attamen
775 2388 846 2432 cum
869 2369 903 2430 in
925 2368 1036 2431 eodem
1059 2372 1223 2432 enuntiato
1251 2371 1272 2449 (l

90 2454 196 2538 §lid
228 2455 324 2517 Gaius
351 2462 432 2517 teste
463 2455 572 2518 eodem
602 2454 710 2517 codice
735 2455 942 2535 Gscripserit
967 2455 1098 2535 proinde
1120 2475 1156 2517 ec
1177 2458 1269 2536 nepti,

90 2560 155 2602 non
174 2540 305 2620 proinde
326 2559 362 2602 uc
383 2542 413 2602 si
432 2543 524 2622 nepti,
550 2542 744 2622 elegantiore
766 2540 864 2602 forma
887 2542 982 2602 etiam
1004 2542 1038 2601 in
1059 2542 1164 2621 priore
1179 2542 1274 2604 huius

92 2626 247 2688 enuntiati
268 2633 358 2706 parte
379 2644 474 2689 usum
496 2646 565 2689 esse
588 2626 700 2688 Gaium
723 2645 846 2688 mecum
868 2627 1057 2688 consenties.
1097 2627 1152 2688 His
1175 2636 1207 2688 ct
1229 2628 1274 2688 si-

93 2710 222 2773 milibus
245 2712 399 2792 exemplis
421 2714 542 2775 cautior
563 2713 664 2776 iactus
686 2713 720 2773 in
743 2721 924 2774 contextum
943 2731 1006 2774 non
1021 2714 1126 2791 recepi
1142 2713 1204 2774 nisi
1219 2732 1273 2776 eas

92 2796 341 2878 emendationes,
368 2797 539 2877 quaesere
568 2808 671 2861 certae
693 2797 889 2878 uiderentur,
922 2818 957 2860 ac
986 2817 1026 2860 ne
1055 2801 1088 2860 in
1118 2808 1273 2879 apparatu

92 2884 197 2944 critico
220 2881 350 2963 quidem
371 2882 529 2966 adscripsi
552 2885 615 2947 nisi
630 2885 762 2947 selectas
776 2886 918 2947 uirorum
934 2884 1096 2947 doctorum
1111 2885 1273 2948 coniectu-

90 2988 152 3046 ras,
178 2987 258 3050 quae
280 2970 386 3050 aliqua
408 2971 631 3051 probabilitate
653 2969 962 3032 commendarentur.
1007 2965 1154 3032 Ceterum
1177 2970 1272 3033 etiam

89 3074 199 3118 earum
214 3055 470 3118 emendationum
485 3057 540 3118 uel
556 3057 795 3135 correctionum,
821 3076 901 3137 quas
923 3057 1008 3118 facili
1023 3058 1149 3137 negotio
1165 3058 1272 3137 quiuis

89 3141 184 3222 paulo
206 3139 327 3203 doctior
349 3141 451 3222 iaciat,
478 3144 617 3223 primum
640 3150 798 3204 auctorem
814 3141 880 3204 lere
894 3143 1016 3222 ubique
1031 3141 1196 3224 adieci¹²);
1222 3153 1272 3204 at-

158 3279 200 3340 to)
220 3279 331 3328 luitinm
353 3279 434 3330 huius
456 3281 624 3344 quaestionis
647 3281 801 3344 nuperrime
818 3278 926 3344 'publici
949 3280 1017 3328 iuris
1039 3277 1103 3329 iecit
1121 3279 1272 3329 Guilelmus

90 3348 156 3398 llalb
166 3348 202 3477 (in
220 3347 368 3398 Woelfflini
386 3347 480 3399 Archiv
496 3349 544 3412 [ἂν
561 3350 707 3400 lateinisehe
720 3348 925 3411 Lecthopruptie
942 3349 997 3398 und
1010 3347 1172 3397 Grammatilc
1189 3347 1271 3400 uol.l

90 3417 164 3480 (⁴883
192 3428 253 3479 pag.
268 3419 378 3466 82—92.

160 3483 201 3546 tt)
219 3486 257 3534 Da
275 3486 415 3536 Iustiniani
434 3485 637 3536 Institutionum
654 3499 708 3536 usn
725 3484 855 3549 loquendi
872 3482 944 3535 conl.
959 3482 1103 3534 Eduardus
1117 3486 1207 3549 Grupe
1224 3484 1271 3536 »de

48 3602 50 3606 ,
89 3554 232 3604 Iustiniani
255 3554 458 3604 Institutionum
481 3555 690 3619 compositione«
707 3554 877 3617 Argentorati
895 3554 960 3602 ⁴881»
984 3553 1023 3614 (in
1047 3554 1271 3604 Dissertationum

89 3622 314 3685 Philologicarum
332 3624 600 3686 Argentoratensium
617 3623 758 3673 uolumine
776 3622 820 3684 lX)
840 3620 876 3685 §t
899 3634 939 3670 nr.
956 3625 982 3669 ι.

159 3692 199 3755 th)
218 3691 248 3740 ln
266 3695 397 3756 apparatu
415 3693 509 3742 critico
527 3690 621 3742 uerbis
639 3692 748 3742 Gaianis
765 3692 793 3740 in
811 3691 863 3741 hac
887 3688 1005 3739 editione
1022 3689 1177 3754 subscripto
1196 3692 1270 3742 citati

91 3762 153 3810 sunt
171 3761 283 3810 omnino
301 3761 330 3810 hi
347 3761 400 3811 uiri
418 3760 502 3812 docti:
528 3762 643 3811 loannes
661 3759 814 3810 Fridericus
833 3757 988 3808 Ludcuicus
1007 3758 1183 3809 Goeschcn
1203 3760 1271 3811 locis

89 3827 347 3892 innumerabilibus,
368 3828 506 3894 Philippus
524 3829 669 3880 Eduardus
686 3828 848 3879 Huschke
866 3826 933 3877 locis
946 3830 1008 3888 ⁴⁷⁴3
1030 3827 1142 3878 Carolus
1161 3829 1270 3879 Lach-

90 3910 191 3947 mann
210 3898 277 3948 locis
296 3902 341 3960 ⁷⁹3
362 3898 391 3949 B.
411 3899 431 3948 Ι.
453 3898 622 3949 Poleuaar
640 3898 707 3948 locis
727 3899 771 3960 ιι,
793 3897 939 3948 Mauricius
957 3895 1091 3960 Augustus
1110 3896 1149 3946 de
1167 3897 1270 3948 Beth-

91 3966 372 4031 mann·llollweg
395 3966 463 4018 locis
487 3971 531 4028 ³³3
564 3965 709 4017 Eduardus
732 3966 906 4028 Bocclring
938 3965 1005 4016 locis
1033 3968 1078 4027 ³³3
1119 3966 1270 4017 fridericus

90 4033 201 4084 Carolus
225 4035 265 4086 de
290 4037 440 4100 savigny
463 4036 532 4087 locis
556 4039 601 4099 26;
632 4035 786 4086 Fridericus
809 4033 941 4085 Bluhme
965 4034 1032 4085 locis
1058 4038 1101 4094 25;
1133 4034 1270 4098 Augustus

91 4103 242 4154 Guilelmus
260 4103 394 4156 Helfter
411 4103 479 4156 locis
493 4109 539 4166 ιι;
561 4106 579 4155 l.
596 4105 626 4157 E.
641 4104 835 4166 Goudsmit,
857 4105 988 4168 Georgius
1005 4102 1140 4154 hrnoldus
1160 4103 1268 4164 lleise,
