2902 4830
492 318 577 329 -..
623 283 682 345 105
726 318 811 328 .-
1013 281 1192 348 lutto-ts

111 480 244 534 matrem
260 470 393 533 eandem
416 470 595 534 habuerint.
628 473 704 532 item
727 480 859 552 patruus
881 471 988 533 fratris
1010 471 1073 533 filio
1096 480 1127 533 et
1142 473 1193 532 in·

110 559 215 621 uicem
231 559 258 618 is
273 557 320 618 illi
335 567 468 637 agnatus
484 566 542 620 est.
573 556 684 618 eodem
698 575 829 619 numero
845 565 919 620 sunt
933 557 1045 619 fratres
1062 567 1192 638 patrue-

111 644 160 704 les
175 645 259 704 inter
273 662 318 720 se,
337 642 370 704 id
387 647 505 724 estqui
522 663 560 705 ex
577 642 701 705 duobus
716 643 868 705 iratribus
888 644 1086 724 progenerati
1103 651 1187 723 sunt,

111 747 190 808 quos
218 729 363 809 plerique
390 730 487 791 etiem
509 728 712 791 consobrinos
734 736 858 791 uocant.
900 747 962 810 qua
985 731 1104 790 ratione
1128 731 1192 790 sci·

110 815 184 876 licet
213 814 308 876 etiam
338 814 378 876 ad
407 816 515 895 plures
538 814 655 894 gradus
678 816 856 894 agnationis
878 816 1048 896 peruenire
1071 816 1224 895 poteri-s

70 903 82 961 l
111 919 191 963 mus.
239 901 307 962 Non
330 909 435 962 tamen
458 900 605 962 omnibus
627 901 723 962 simul
745 903 868 981 agnatis
890 900 944 962 dat
966 901 1019 962 lex
1039 901 1083 963 iiii
1098 901 1193 962 tabu-

110 988 212 1048 larum
243 986 468 1066 hereditatem,
502 986 558 1048 sed
581 987 631 1048 his
654 989 711 1067 qui
732 995 800 1048 tum
824 1006 895 1048 cum
917 995 1037 1048 certum
1061 995 1110 1049 est
1132 988 1192 1048 ali-

68 1076 87 1136 2
111 1091 206 1153 quem
229 1074 413 1134 intestatum
436 1071 628 1152 decessisse,
655 1074 797 1153 proximo
819 1071 918 1152 gradu
940 1082 1025 1133 sunt.
1072 1074 1135 1134 Nec
1158 1073 1191 1133 in

111 1178 147 1219 eo
176 1160 247 1219 iure
270 1159 429 1220 successio
452 1166 509 1220 est.
550 1157 684 1238 ideoque
708 1161 737 1220 si
759 1167 892 1238 agnatus
914 1159 1077 1238 proximus
1098 1160 1192 1221 here-

111 1243 241 1306 ditatem
264 1245 416 1325 omiserit,
441 1244 494 1307 uel
508 1252 677 1324 antequam
694 1243 820 1323 adierit,
844 1243 1026 1322 decesserit,
1053 1262 1191 1324 sequen·
1209 1258 1240 1303 4θ

68 1333 87 1393 3
109 1330 197 1393 tibus
218 1331 300 1391 nihil
322 1330 401 1392 iuris
424 1349 464 1392 ex
486 1331 556 1411 lege
579 1331 728 1411 conpetit.
772 1329 845 1391 ldeo
868 1338 973 1393 autem
996 1349 1058 1391 non
1082 1331 1190 1391 mortis

110 1424 251 1496 tempore
274 1417 346 1496 quis
365 1417 534 1497 promimus
553 1415 652 1497 fuerit
673 1416 883 1496 requirimus,
909 1414 966 1478 sed
989 1436 1024 1478 eo
1048 1425 1189 1495 tempore

111 1520 174 1582 quo
202 1510 323 1564 certum
354 1501 450 1564 fuerit
472 1502 611 1582 aliquem
635 1503 818 1565 intestatum
841 1501 1032 1580 decessisse,
1065 1502 1190 1581 quiesi

78 1638 80 1643 ,
111 1589 183 1668 quis
206 1594 377 1649 testamento
397 1587 484 1669 fecto
507 1587 688 1669 decesserit,
714 1589 828 1651 melius
847 1606 916 1650 esse
931 1589 1036 1650 uisum
1052 1595 1100 1648 est
1115 1599 1190 1649 tunc

111 1674 231 1753 requiri
253 1675 451 1753 proximum,
476 1693 549 1735 cum
572 1683 692 1736 certum
715 1693 785 1736 osse
808 1675 946 1753 eoeperit
968 1673 1127 1735 neminem
1149 1692 1189 1734 ex
1208 1686 1238 1732 tt

67 1765 84 1822 l
109 1779 146 1822 eo
172 1767 360 1821 testamento
382 1759 450 1820 fore
472 1758 633 1822 heredem.
681 1759 772 1833 Quod
794 1759 834 1821 ad
857 1759 991 1822 feminas
1013 1768 1117 1820 tamen
1140 1768 1189 1820 at·
1249 1801 1251 1805 «

108 1845 200 1924 tinet,
226 1845 260 1906 in
282 1846 339 1906 hoc
362 1847 429 1907 iure
452 1846 538 1908 aliud
560 1848 593 1907 in
608 1843 621 1929 ΙΙ
645 1845 786 1926 ipsarum
807 1839 1290 1926 hereditatibus'capion-putes

110 1930 160 1993 dis
186 1931 319 2011 placuit,
352 1932 438 1994 aliud
465 1933 499 1993 in
527 1941 704 1994 ceterorum
730 1931 841 2013 [honis]
868 1931 981 1994 abhis
1011 1930 1185 2012 capiendis.

110 2037 182 2078 nam
209 2016 398 2078 feminarum
420 2017 604 2080 hereditates
626 2017 758 2098 proinde
781 2018 821 2080 ad
842 2037 899 2079 nos
921 2018 1096 2098 agnationis
1119 2018 1187 2080 iure

109 2102 245 2165 redeunt
259 2112 355 2183 atque
378 2104 603 2181 masculorum;
629 2111 758 2165 nostroe
780 2123 857 2165 uero
877 2103 1069 2166 hereditates
1085 2102 1125 2165 ad
1142 2102 1190 2164 le-
1207 2117 1238 2162 eo

107 2191 211 2252 minas
239 2190 323 2251 ultra
345 2190 650 2269 consanguineorum
673 2189 806 2269 gradum
828 2208 892 2251 non
914 2191 1086 2269 pertinent.
1127 2191 1189 2250 ita-

108 2293 171 2355 que
194 2294 282 2337 soror
303 2275 393 2337 fratri
416 2274 554 2337 sororiue
577 2275 718 2356 legitima
740 2276 831 2337 heres
855 2283 914 2354 est,
939 2277 1035 2337 amita
1057 2294 1133 2337 uero
1156 2284 1188 2336 et

109 2361 219 2423 fratris
242 2361 305 2423 filia
333 2361 473 2440 legitima
500 2362 593 2423 heres
616 2380 684 2422 esse
708 2358 783 2444 <non
802 2368 909 2441 potest.
948 2361 1064 2423 sororis
1087 2368 1187 2422 autem

107 2446 193 2508 nobis
209 2447 270 2508 loco
285 2443 343 2530 est>
368 2448 463 2508 etiam
485 2453 586 2509 mater
607 2455 662 2509 aut
684 2465 818 2508 nouerca
840 2465 921 2526 quae
936 2466 995 2527 per
1009 2449 1043 2507 in
1059 2464 1187 2508 manum

107 2535 351 2594 conuentionem
378 2533 463 2613 apud
489 2543 612 2612 patrem
641 2540 782 2594 nostrum
814 2532 987 2594 iurafiliae
1010 2540 1238 2594 ructassent

106 2685 165 2698 ΑΛΛ,
172 2684 1188 2700 Mvwwmmvxmnmvvvwvvvvvxwxmvwwvwvvsnmxw

178 2771 231 2836 §rt
254 2769 309 2822 lere
328 2791 360 2815 =
378 2773 442 2822 Inst.
458 2775 482 2834 3,
499 2775 522 2835 2,
539 2777 562 2822 4.

105 2906 467 2922 ΛΛΛΛΛΛΝΝΛΛΛΛΛΛΛΛΛΛΛΛΑ
860 2906 1185 2923 ’ΝΛΛΛΛΛΜΛΛΛΛΛΛΛΛΝΧΝ

179 2997 188 3041 4
211 2997 326 3044 matrem
345 2995 460 3044 eandem
481 2995 542 3045 Cet
562 2995 634 3055 σθω,
655 2994 770 3045 eandem
788 2998 903 3045 matrem
922 2997 985 3045 inst.
1006 2994 1017 3058 ΙΙ
1035 2999 1127 3060 petrus
1143 2995 1163 3047 σ
1179 2992 1189 3060 ΙΙ

108 3064 214 3113 ainter
238 3076 266 3113 se
292 3061 312 3112 σ
333 3068 357 3112 et
383 3063 453 3123 σθω,
479 3077 529 3113 om.
550 3065 612 3114 lost.
638 3063 649 3125 ll
672 3065 843 3127 progenerati
864 3063 883 3114 σ
906 3069 930 3114 et
951 3064 1024 3123 σθω,
1052 3065 1187 3127 procreati

99 3133 171 3192 ,rose
186 3131 198 3195 ΙΙ
217 3134 283 3181 4-5
296 3131 400 3181 seilicet
415 3132 471 3183 Cet
486 3131 559 3192 σθω,
573 3145 621 3182 om.
635 3134 696 3183 lost.
716 3132 728 3195 ΙΙ
748 3137 762 3180 6
776 3133 878 3196 agnatis
894 3133 956 3184 σθω.
971 3133 1083 3193 etrusc,
1104 3145 1187 3196 agna-

109 3201 155 3250 tiis
176 3199 196 3250 σ
213 3199 225 3263 ΙΙ
242 3214 277 3250 ιιι
295 3199 450 3251 tabularum
471 3200 505 3251 Cn
530 3206 554 3251 et
575 3201 646 3261 σθω,
670 3214 719 3250 om.
740 3203 802 3251 lost.
829 3201 974 3263 eoroEpit.
994 3200 1037 3263 117
1058 3203 1105 3265 qui
1127 3201 1187 3251 σθω.

108 3275 132 3320 et
150 3270 225 3328 lost,
251 3269 350 3333 quihus
372 3269 391 3320 σ
414 3269 426 3332 ΙΙ
448 3273 506 3319 tum
530 3283 592 3319 eum
620 3269 648 3328 σ,
674 3273 740 3319 tune
761 3271 835 3329 σθω,
861 3274 926 3320 tunc
946 3307 1021 3321 ....
1042 3270 1186 3320 cumiret.

108 3340 225 3400 (reuerso
248 3338 325 3387 simul
347 3339 487 3388 uerborum
508 3340 610 3399 ordine)
633 3337 644 3401 ΙΙ
669 3343 682 3388 8
703 3339 859 3389 intestatum
880 3338 899 3389 σ
921 3345 945 3389 et
963 3339 1037 3397 lost,
1062 3340 1187 3388 intestato

111 3406 174 3457 σθω.
195 3404 206 3469 ΙΙ
225 3404 375 3457 decessisse
403 3406 423 3458 σ
446 3412 470 3456 et
488 3408 550 3467 lost.
577 3413 602 3458 et
624 3409 665 3466 Ve,
691 3407 851 3458 decessisset
869 3408 891 3457 B
909 3413 933 3457 et
955 3408 983 3457 Vi
1006 3406 1017 3470 ll
1042 3409 1188 3468 aequatus

111 3474 139 3535 σ,
164 3473 280 3526 heredes
299 3475 328 3534 B,
355 3475 483 3526 heredem
506 3476 538 3525 Ve
556 3481 580 3526 et
602 3476 630 3526 Vi
653 3476 664 3539 ll
689 3479 770 3524 s-to
797 3476 976 3527 hereditatem
1000 3476 1123 3525 omiserit
1143 3473 1187 3524 uel

108 3547 250 3607 antequam
267 3543 311 3603 σῃ,
326 3545 448 3594 omiserit
459 3544 503 3594 uel
516 3548 661 3608 antequam
674 3545 852 3596 hereditatem
867 3544 927 3595 σθω.
945 3544 957 3607 ΙΙ
975 3547 1006 3592 la
1020 3543 1101 3595 luerit
1114 3544 1189 3592 Pole-

108 3625 185 3672 aaar,
200 3613 252 3662 erit
267 3612 322 3663 Cet
337 3612 399 3663 Coll.
414 3612 425 3675 ΙΙ
446 3615 477 3660 43
491 3614 554 3676 quia
571 3613 613 3675 0¹1,
628 3626 712 3677 quem
727 3612 787 3663 σθω.
801 3614 814 3677 ΙΙ
828 3616 858 3661 tl
873 3615 937 3662 tunc
953 3612 1026 3672 σθω,
1042 3612 1188 3662 tuncetiis‘i

110 3680 131 3731 σ
148 3679 159 3744 ΙΙ
178 3683 209 3729 tt
228 3693 260 3730 eo
279 3693 328 3730 om.
345 3681 366 3730 B
384 3686 408 3731 et
424 3683 452 3732 Vr·
468 3681 479 3743 11
497 3681 554 3731 iore
572 3681 700 3732 heredem
716 3682 760 3741 0¹¹,
783 3682 911 3732 heredem
924 3680 981 3731 fore
995 3680 1055 3732 σθω.
1072 3680 1084 3744 ω
1102 3679 1184 3744 quod]

107 3751 155 3813 qui
174 3749 204 3807 B,
232 3749 348 3813 quedam
371 3750 399 3800 Vi
420 3750 432 3812 ll
456 3753 486 3798 47
507 3751 535 3800 in
553 3749 605 3800 hoc
626 3749 654 3809 G,
674 3750 726 3800 hoc
747 3750 808 3801 σθω.
834 3751 845 3813 ΙΙ
871 3753 901 3799 48
921 3749 1024 3812 placuit
1045 3749 1073 3808 σ,
1098 3750 1188 3814 placet

110 3817 173 3869 σθω.
198 3816 209 3881 ΙΙ
231 3818 310 3868 bonis
338 3818 365 3878 σ,
391 3831 440 3869 om.
470 3819 532 3870 σθω.
555 3819 567 3881 ΙΙ
591 3822 621 3867 49
640 3832 703 3868 nam
725 3818 752 3878 σ,
778 3832 841 3868 nam
859 3821 885 3868 et
906 3818 966 3870 σθω.
990 3818 1002 3882 ΙΙ
1023 3819 1188 3870 hereditates

110 3885 173 3937 σθω.
194 3891 218 3936 et
235 3886 346 3949 furasse
361 3885 396 3937 0¹¹
414 3890 453 3944 (io
470 3901 520 3949 quo
538 3891 624 3936 tameo
640 3887 751 3950 {measse
764 3887 875 3951 quidem
888 3887 1053 3938 hereditates
1064 3888 1107 3937 oei
1118 3902 1188 3951 quo·
1247 3930 1253 3937 ,

107 3968 161 4020 que
185 3955 349 4006 hereditates
373 3957 468 4017 extitit)
493 3956 503 4018 {l
526 3959 554 4006 et
572 3969 622 4006 nos
644 3956 671 4019 σ,
697 3969 746 4005 orn.
771 3955 834 4006 σθω.
858 3955 870 4020 ll
895 3959 925 4004 23
945 3956 1063 4018 legitima
1084 3955 1112 4015 σ,
1136 3969 1184 4006 om.

110 4023 174 4076 σθω.
199 4023 210 4087 ΙΙ
235 4027 335 4073 aa-nl
353 4021 382 4092 (l
400 4026 497 4075 addidit
518 4025 646 4075 Goesoheo
664 4038 698 4074 eor
719 4023 782 4075 σθω.
807 4023 819 4088 ΙΙ
841 4028 874 4074 25
894 4027 954 4075 iure
975 4024 1003 4084 σ,
1029 4026 1072 4076 ius
1094 4023 1156 4076 σθω.
1179 4021 1188 4091 ll

107 4092 228 4142 nancta?
249 4092 268 4144 σ
286 4093 364 4155 (conf.
387 4092 440 4156 σᾶ),
461 4096 556 4144 cuncte
576 4095 598 4143 B
615 4098 640 4144 et
662 4095 704 4155 Ve,
724 4094 818 4143 iuncte
841 4094 877 4144 Vi.
