2902 4830
163 260 330 332 artas-‘so
556 300 641 311 ..-
686 267 726 327 50
771 297 855 309 .-

163 466 226 517 non
250 465 298 517 est
320 473 449 516 necesse
472 473 544 514 cum
561 454 678 516 maiore
693 451 880 514 difficultate
896 450 982 531 apud
996 459 1178 530 praetorem
1194 459 1250 512 aut

98 541 140 602 26
164 541 249 623 apud
278 539 457 622 praesidem
486 540 671 620 prouinciae
702 557 807 618 agere.
854 536 973 609 Quodsi
996 554 1102 616 neque
1125 537 1251 598 manci-

163 670 236 743 pata
258 678 363 739 neque
387 660 418 720 in
442 659 512 720 iure
535 677 623 720 cessa
646 659 687 719 sit
710 678 761 719 res
780 657 929 736 mancipii
945 653 958 738 Η
1108 624 1136 682 (⁶
1154 635 1328 729 mmpags

162 751 191 798 in
211 745 230 797 0
248 748 298 810 lapi
315 745 455 806 nequeunt)

162 866 278 947 *plena
300 865 458 946 possessio
476 883 624 926 concessa

162 971 203 1013 ex
224 951 361 1013 formula
391 969 455 1030 qua
484 950 518 1011 hi
540 968 1080 1028 qu—------„-.-

164 1208 286 1270 fructus
320 1228 361 1271 ne

98 1292 242 1357 271tem
274 1295 380 1357 adhuc
413 1294 424 1354 i
786 1327 828 1333 —

486 1398 512 1456 (t
531 1409 625 1445 uersus
642 1397 670 1443 ic
690 1393 710 1443 C
727 1395 776 1456 lepi
793 1395 933 1453 nequeunt)

163 1536 225 1579 non
266 1515 402 1579 fuissent

478 1619 506 1679 (7
524 1620 663 1667 carausio
684 1617 704 1667 C
721 1618 770 1679 lsai
787 1621 926 1677 nequeunt)

165 1917 214 1971 est
243 1928 306 1988 quo
325 1909 453 1970 nomine
469 1943 624 1952 ——-

166 2098 218 2141 ere
253 2080 306 2141 uel

165 2165 333 2247 praedium

166 2254 237 2315 dem
258 2252 325 2313 ulla
355 2250 456 2312 libera
484 2249 598 2312 ciuitas

165 2337 264 2400 nendi
287 2356 398 2399 sumus
418 2373 522 2381 —-—-

166 2443 250 2504 esse,
276 2424 483 2504 prouincialis
510 2423 568 2484 soli
591 2441 708 2484 nexum
732 2441 829 2482 none

166 2511 426 2590 significationem
468 2510 570 2572 solum
607 2508 750 2570 Italicum
773 2508 923 2588 mancipii
952 2514 1009 2582 est,
1045 2504 1252 2590 proiuineiale

165 2616 224 2658 nec
246 2597 396 2675 mancipii
420 2604 477 2657 est.
525 2594 619 2657 aliter
641 2595 726 2655 enim
748 2594 851 2656 ueteri
879 2594 988 2673 lingua
1016 2591 1040 2672 al

583 2715 735 2723 -—-
751 2676 945 2761 mancipa-{
1269 2691 1297 2737 25

103 2768 143 2829 28
254 2763 342 2848 (Res>
359 2765 573 2845 incorporales
594 2763 796 2827 traditionem
812 2784 875 2827 non
890 2766 1032 2846 recipere
1047 2765 1253 2828 manifestum

103 2854 143 2915 29
167 2860 227 2912 est.
264 2851 327 2912 Sed
343 2852 413 2912 iura
428 2850 632 2930 praediorum
654 2851 848 2912 urbanorum
871 2851 904 2911 in
927 2851 997 2912 iure
1022 2850 1091 2912 cedi
1108 2846 1258 2936 (tautum)

167 2944 317 3015 possunt;
344 2936 536 2997 rusticorum
559 2955 635 2998 uero
658 2937 753 2998 etiam
776 2937 950 3017 mancipari
973 2945 1119 3016 possunt.

103 3024 142 3083 30
252 3021 460 3082 Vsusfructus
483 3021 515 3082 in
547 3022 616 3082 iure
646 3023 822 3083 cessionem
851 3030 976 3084 tantum
1005 3022 1129 3103 recipit.
1182 3041 1252 3086 nam

167 3107 315 3169 dominus
338 3107 538 3188 proprietatis
561 3107 613 3169 alii
637 3109 875 3169 usumfructum
897 3108 930 3169 in
953 3109 1023 3170 iure
1052 3107 1166 3169 cedere
1194 3129 1252 3189 po-
1270 3121 1298 3167 ss

72 3212 78 3238 ¹
167 3201 247 3274 test.
261 3201 298 3256 ut
319 3193 372 3254 ille
395 3193 630 3256 usumfructum
654 3193 769 3256 habeat
791 3203 822 3255 et
844 3194 913 3274 ipse
936 3192 1055 3256 nudam
1075 3195 1253 3275 proprieta-

236 3456 246 3499 t
269 3456 311 3501 est
329 3453 455 3516 Sooipcp,
472 3465 500 3514 Je
517 3451 551 3502 Cn
570 3453 625 3512 (sed
643 3454 681 3501 ita
699 3456 754 3513 ut]
774 3452 874 3511 littera,
895 3465 954 3502 cum
972 3453 1066 3502 lineola
1083 3453 1192 3502 inducto
1209 3456 1250 3510 sit,

166 3522 288 3572 uideatur
304 3522 359 3584 fere
372 3522 443 3570 inter
453 3521 655 3582 praepositionis
666 3523 754 3569 cotum
766 3521 914 3571 sollemnem
925 3521 1035 3584 efficere,
1056 3520 1124 3582 cons.
1141 3519 1174 3571 0²
1188 3535 1252 3586 pap.

166 3591 216 3643 2⁷1
229 3603 299 3639 cers.
312 3591 358 3649 ὅθ)
376 3589 388 3654 ΙΙ
408 3593 421 3638 3
440 3589 506 3652 (post
517 3588 654 3653 mancipii)
672 3593 760 3638 secuto
778 3602 833 3638 esse
851 3589 900 3640 sed
918 3591 1024 3639 tantum
1043 3588 1141 3639 tradita
1156 3592 1254 3652 probo

167 3659 252 3707 uiliter
268 3661 374 3709 coniecti
392 3657 516 3708 Huschke.
560 3659 659 3708 Deinde
679 3657 760 3707 Gaius
778 3660 859 3721 spisse
881 3660 985 3708 uidetur
1002 3659 1033 3707 de
1050 3660 1108 3708 iure
1126 3661 1191 3717 eius,
1212 3661 1254 3708 cui

167 3739 210 3775 res
227 3729 350 3789 menapii
367 3728 465 3777 tradita
488 3731 589 3777 tantum
606 3729 656 3786 εἰη·
682 3730 736 3776 tran
754 3728 785 3776 de
802 3729 860 3777 iure
876 3728 1022 3777 emanere&
1039 3727 1159 3776 similiter
1176 3732 1254 3790 atquc

172 3794 294 3856 leiucus
313 3800 354 3855 49,
370 3801 393 3845 t.
409 3802 424 3846 t
442 3795 453 3859 11
473 3799 486 3844 6
505 3795 570 3857 conf.
587 3796 629 3847 0²³
646 3796 658 3860 ΙΙ
678 3797 708 3844 In
726 3796 888 3857 sequentibus
906 3809 952 3846 ars
963 3796 1094 3846 nascendi
1106 3798 1255 3846 educendo

168 3866 215 3912 est.
249 3862 367 3913 Ceterum
385 3865 450 3927 conf.
468 3865 500 3916 0Β
517 3877 598 3926 usque
610 3866 725 3916 adum.
742 3867 773 3912 at
794 3863 805 3925 11
824 3867 856 3912 26
874 3860 943 3931 (Res)
955 3863 1141 3928 incorporales
1154 3864 1254 3914 Rueck-

167 3932 222 3993 ἕπῃ,
236 3933 424 3995 incorporales
435 3931 498 4000 (res)
513 3933 651 3994 Gocsctco,
672 3934 743 3996 conf:
755 3932 786 3983 θ’
796 3945 859 3996 pap.
873 3938 925 3986 298
936 3946 1006 3984 cors.
1020 3937 1052 3982 {8
1070 3931 1082 3996 11
1101 3935 1132 3982 27
1147 3936 1253 3984 tantum

168 4000 302 4050 antecedi
315 4001 414 4052 addidit
427 4002 565 4061 Goeschcn,
580 4016 630 4055 orn.
647 4003 675 4061 c,
691 4002 758 4064 cons.
776 4000 808 4051 θ’*
816 4015 876 4065 pap.
888 4005 941 4052 508
952 4015 1024 4053 nors.
1039 4000 1096 4065 4611
1109 4005 1139 4050 ³⁰
1153 4001 1251 4066 potest]

168 4068 235 4130 coes.
259 4066 291 4117 θ’*
305 4082 368 4131 paq.
382 4075 434 4123 285
451 4083 521 4120 uers.
536 4077 579 4124 21.
1144 4096 1145 4099 ¹
