2902 4830
273 339 307 389 iv
327 336 454 404 §st-so
655 373 740 383 ....
786 338 845 401 162
889 373 973 384 ,-

270 547 355 606 ciro,
381 526 438 589 sed
461 527 623 588 nominata
645 545 739 589 causa
762 546 802 588 ex
827 546 895 607 qua
925 527 1056 607 agebat,
1089 526 1133 588 ita
1163 525 1292 588 dicebat
1320 546 1356 588 oa

269 633 327 676 rin
348 633 405 676 nnn
427 631 484 686 roo
508 631 565 673 rim
594 632 695 674 suurn
723 631 832 689 rruom3
867 631 940 674 oum
971 613 1004 673 hi
1034 611 1153 692 quibus
1181 631 1239 691 pro
1269 612 1357 675 iudi-

271 708 339 762 cato
361 700 441 762 actio
464 697 537 761 data
560 707 643 777 erat,
677 700 837 760 nominata
860 717 955 761 causa
978 717 1020 760 cx
1041 717 1106 778 qua
1127 697 1279 778 agebant,
1314 699 1356 759 ita

272 785 451 848 inferebant
480 803 517 845 oo
545 802 604 846 riu
633 803 690 846 nnn
712 801 770 845 neo
793 803 852 845 r1o1
874 804 930 846 rao
953 802 1091 846 morcaro
1112 803 1213 846 muru
1247 803 1354 847 nuere.

270 889 329 933 nec
350 890 401 933 me
423 871 577 951 praeterit
600 871 633 931 in
656 870 755 932 forma
778 871 857 952 legis
879 871 990 932 Furiae
1019 871 1278 933 testamentariae
1302 883 1389 931 enos

271 975 407 1018 rvnmrro
430 955 569 1019 uerbum
593 956 708 1035 inseri,
743 975 813 1018 cum
842 957 874 1017 in
905 957 973 1036 ipsa
1001 957 1070 1036 lege
1092 974 1154 1017 nou
1178 956 1238 1032 sit3
1271 956 1357 1036 quod

207 1042 246 1104 at
270 1042 403 1105 uidetur
424 1040 437 1126 11
460 1042 547 1104 nulla
576 1044 696 1104 ratione
724 1041 853 1104 lactum.
910 1040 973 1105 Sed
1003 1051 1112 1123 postea
1142 1042 1212 1121 lege
1241 1042 1352 1120 Vallia,
1366 1053 1441 1113 pgsst

271 1139 403 1210 excepto
427 1127 564 1190 iudicato
588 1135 620 1189 et
639 1147 676 1189 eo
691 1148 748 1209 pro
764 1147 826 1208 quo
842 1128 1020 1208 depensum
1036 1136 1096 1205 est,
1122 1127 1238 1191 ceteris
1254 1129 1359 1189 omni-

269 1216 331 1277 bus
354 1235 426 1277 oum
450 1214 568 1295 quibus
590 1233 648 1294 per
671 1232 783 1276 manus
806 1214 1008 1275 iniectionem
1031 1213 1195 1295 agebatur,
1220 1215 1359 1294 permis-

270 1321 343 1364 sum
366 1311 415 1363 est
445 1299 508 1363 sibi
536 1318 663 1361 manum
694 1299 855 1381 depellere
886 1308 918 1362 et
945 1319 1002 1381 pro
1034 1318 1068 1362 se
1100 1318 1206 1380 agere.
1248 1299 1358 1379 itaque
1378 1311 1404 1355 to

271 1387 430 1450 iudicatus
453 1395 485 1449 et
507 1387 535 1448 is
558 1405 615 1467 pro
646 1405 710 1466 quo
741 1386 920 1466 depensum
950 1395 1015 1464 est,
1049 1385 1144 1448 etiam
1174 1394 1247 1467 post
1276 1387 1359 1447 bano

269 1475 373 1554 legem
388 1472 550 1536 uindicem
565 1472 641 1534 dare
658 1471 826 1552 debebant,
846 1481 878 1533 et
893 1471 956 1533 nisi
972 1470 1094 1550 darent,
1114 1470 1242 1532 domum
1259 1468 1360 1533 duce-

269 1559 397 1621 bantur.
438 1558 534 1638 idque
558 1556 712 1637 quamdiu
732 1558 811 1637 legis
827 1558 967 1620 actiones
983 1558 1016 1619 in
1031 1576 1094 1619 usu
1110 1565 1211 1636 erant,
1231 1575 1360 1638 semper

270 1646 314 1707 ita
329 1645 576 1721 obseruabotur3
603 1643 690 1705 unde
705 1645 823 1705 nostris
838 1643 1036 1724 temporibus
1058 1644 1086 1706 is
1102 1661 1173 1705 cum
1190 1661 1254 1722 quo
1271 1642 1359 1705 iudi-

270 1731 332 1793 cati
355 1729 530 1811 depensiue
554 1730 669 1808 agitur,
695 1728 866 1791 iudicatum
888 1729 970 1792 solui
993 1729 1149 1791 satisdare
1171 1729 1307 1808 cogitur.
1378 1740 1405 1786 tt

206 1816 246 1876 26
356 1817 414 1876 Per
442 1816 587 1896 pignoris
619 1816 784 1895 capionem
812 1815 883 1896 lege
910 1814 1063 1895 agebatur
1090 1814 1132 1876 de
1161 1813 1359 1894 quibusdam

206 1900 247 1962 27
270 1900 368 1962 rebus
392 1901 550 1978 moribus,
570 1895 625 1983 <de
647 1900 829 1982 quibusdam
851 1897 958 1987 robus)
975 1901 1057 1981 lege.
1104 1900 1289 1963 Introducta
1312 1909 1359 1962 est

270 1986 414 2047 moribus
436 1988 483 2048 rei
506 1986 664 2047 militaris.
701 2004 774 2048 nam
802 1996 833 2049 et
861 1997 992 2069 propter
1020 1985 1217 2068 stipendium
1242 1986 1360 2048 licebat

270 2073 365 2134 militi
380 2071 421 2134 ab
437 2091 473 2134 eo
489 2072 546 2151 qui
562 2065 628 2157 (tu)
643 2070 861 2152 distribuebat,
881 2073 944 2134 nisi
960 2071 1060 2152 daret,
1086 2074 1205 2154 pignus
1221 2091 1355 2153 capere;

271 2157 437 2220 dicebatur
459 2168 563 2220 autem
588 2178 625 2221 ea
647 2159 784 2237 pecunia
808 2178 894 2239 quoe
918 2158 1070 2240 stipendii
1099 2160 1230 2220 nomine
1258 2157 1359 2220 daba-
1376 2170 1404 2215 so

271 2255 334 2324 tur,
361 2264 415 2307 aes
438 2245 588 2306 militare.
617 2246 693 2306 item
715 2254 846 2326 propter
868 2264 938 2307 eam
960 2245 1128 2325 pecuniam
1152 2243 1271 2307 licebat
1286 2245 1359 2325 pig-

269 2350 332 2392 nus
361 2350 474 2411 capere
513 2349 554 2392 ex
584 2348 647 2411 qua
677 2348 777 2412 equos
805 2329 961 2393 emendus
990 2340 1071 2408 erat3
1108 2349 1190 2410 quae
1221 2330 1359 2411 pecunia

271 2416 438 2479 dicebatur
460 2435 513 2478 aes
544 2424 701 2496 equestre.
751 2418 827 2478 item
849 2424 981 2498 propter
1011 2436 1081 2479 eam
1110 2417 1282 2497 pecuniam
1319 2435 1358 2477 ex

271 2522 337 2583 quo
358 2502 512 2565 hordeum
535 2504 629 2582 equis
652 2509 719 2563 erat
735 2501 989 2583 conparandum
1018 2521 1099 2582 quae
1116 2503 1254 2583 pecunia
1271 2501 1359 2564 dice-

207 2589 247 2650 28
270 2589 367 2651 batur
389 2608 445 2651 aes
466 2587 674 2651 bordiarium.
722 2591 803 2669 Lege
827 2597 933 2651 autem
957 2587 1134 2650 introducta
1164 2596 1213 2649 est
1244 2591 1359 2668 pigno-
1376 2601 1404 2646 ss

270 2677 315 2737 ris
338 2673 427 2756 capio
451 2675 554 2736 ueluti
577 2675 645 2754 lege
668 2674 712 2735 ῐῑι
734 2674 914 2737 tabularum
943 2673 1101 2736 aduersus
1123 2693 1198 2736 eum
1221 2673 1281 2753 qui
1303 2674 1359 2735 bo-

271 2761 362 2822 stiam
387 2759 517 2823 emisset
538 2779 599 2822 nec
619 2761 760 2841 pretium
792 2759 957 2839 redderet;
992 2761 1064 2821 item
1093 2759 1251 2822 aduersus
1283 2778 1355 2822 eum

271 2847 326 2925 qui
348 2844 528 2907 mercedem
550 2865 613 2907 non
637 2845 788 2908 redderet
810 2865 868 2927 pro
884 2865 920 2908 eo
936 2847 1078 2908 iumento
1095 2845 1180 2926 quod
1197 2847 1272 2925 quis
1288 2844 1359 2907 ideo

270 2932 420 3010 locasset,
446 2940 482 2993 ut
505 2932 579 2994 inde
601 2933 772 3013 pecuniam
793 2941 953 3013 acceptam
976 2934 1009 2992 in
1032 2931 1160 3012 dapem,
1194 2930 1229 2993 id
1252 2941 1302 2993 est
1324 2931 1357 2992 in
1376 2945 1404 2991 ss

270 3016 471 3094 sacrificium,
497 3016 698 3098 inpenderet.
721 3017 734 3100 11
754 3019 829 3080 item
846 3019 915 3098 lege
931 3019 1073 3080 censoria
1088 3018 1162 3080 data
1177 3025 1227 3079 est
1241 3017 1441 3098 pigno-pgtst

270 3105 313 3164 ris
337 3103 424 3184 capio
446 3102 627 3183 publicanis
648 3104 852 3185 uectigalium
874 3104 1074 3185 publicorum
1097 3102 1211 3185 populi
1226 3103 1359 3166 Romani

207 3192 246 3252 29
271 3189 429 3251 aduersus
452 3207 505 3250 eos
528 3189 583 3268 qui
607 3189 713 3270 aliqua
735 3191 804 3271 lege
824 3190 995 3270 uectigalia
1018 3189 1187 3251 deberent.
1227 3189 1278 3250 Ex
1293 3208 1360 3250 om-

270 3276 367 3338 nibus
391 3284 497 3338 autem
520 3275 590 3336 istis
613 3277 718 3338 causis
742 3277 837 3338 certis
867 3275 979 3338 uerbis
1009 3277 1127 3356 pignus
1157 3273 1356 3354 capiebatur,

339 3399 353 3443 3
373 3394 489 3459 egebant
510 3395 649 3455 Goesolten,
669 3396 767 3459 agebat
786 3394 806 3445 G
822 3395 833 3458 11
858 3397 870 3444 4
890 3394 1044 3446 inferebant
1065 3396 1204 3455 Gocsctco,
1225 3394 1360 3446 inferebat

272 3463 291 3514 C
307 3465 318 3528 11
337 3468 352 3513 6
366 3477 429 3514 cum
445 3465 583 3524 Gocsclteo,
598 3477 676 3513 cumr
695 3466 720 3527 14.
736 3477 758 3514 e.
771 3470 906 3526 postcom
919 3465 1268 3515 additocssectdetornotc
1279 3477 1360 3514 uoco-

269 3535 322 3584 4344
339 3533 432 3597 regula
444 3534 486 3582 uel
499 3532 620 3595 rubrica,
634 3534 701 3596 coos.
717 3532 748 3583 0²
756 3547 819 3598 pop.
832 3539 883 3585 29⁹
901 3545 971 3584 uere.
988 3533 1029 3594 42)
1047 3529 1130 3599 01143
1144 3545 1224 3596 agere
1240 3532 1268 3596 0,
1286 3529 1360 3600 (lege)

268 3616 348 3665 agere
367 3601 500 3665 44443431]
518 3600 531 3663 11
549 3604 581 3649 ta
600 3600 737 3652 debebant
758 3602 896 3664 Gocsoteo,
922 3600 1039 3652 debebat
1059 3600 1079 3652 C
1095 3600 1107 3665 11
1127 3604 1159 3650 43
1179 3602 1257 3665 itque
1276 3603 1360 3652 lacli-

268 3684 358 3730 moon,
372 3672 463 3735 itaque
475 3669 508 3720 0¹
519 3670 531 3734 11
545 3672 575 3719 tt
589 3670 787 3722 obseruabatur
799 3670 937 3730 Goescltco,
952 3670 1170 3721 obseruabantur
1185 3669 1272 3734 01144
1287 3671 1358 3720 iudi-

269 3743 359 3789 catum
381 3740 519 3799 decoctos,
540 3739 653 3790 iudicati
674 3739 701 3799 C,
721 3737 1145 3803 3334.041439.4343333.4411
1164 3743 1195 3788 t?
1214 3735 1241 3806 11
1261 3741 1361 3790 addidit

269 3807 398 3872 Boeotico
410 3808 421 3872 11
439 3811 470 3857 43
490 3807 592 3858 licebat
609 3822 643 3859 coo
656 3807 765 3858 dicebat
778 3814 922 3858 comestum
936 3806 965 3858 0¹
983 3809 994 3872 11
1014 3811 1044 3856 43
1058 3808 1087 3858 id
1099 3810 1218 3858 additum
1229 3809 1295 3859 duca
1305 3808 1360 3871 fere

269 3877 435 3927 Loctmonoo
453 3876 464 3940 11
482 3876 664 3927 distribuebat
685 3878 823 3936 (locastae,
843 3877 996 3927 distruebat
1009 3875 1029 3926 C
1044 3875 1055 3939 11
1074 3880 1105 3926 33
1125 3889 1212 3940 equus
1231 3876 1356 3940 Sartona,

270 3943 417 4009 3344143011
436 3947 467 3993 st
487 3959 540 4009 qua
562 3946 701 4008 Goeeclteo,
721 3960 790 4010 quae
811 3945 855 4006 0⁰,
876 3945 942 4008 conf.
960 3945 991 3996 0⁵
1005 3958 1068 4008 paq.
1082 3950 1133 4000 289
1146 3945 1193 4008 tuf.
1211 3945 1223 4009 11
1242 3949 1274 3994 st
1295 3947 1358 3995 item

272 4013 410 4072 Goescteo,
432 4014 453 4063 it
473 4011 501 4074 0,
521 4014 587 4077 conf.
610 4014 641 4064 0²
657 4028 718 4079 pou.
733 4016 785 4069 274
802 4028 873 4064 cers.
887 4019 923 4068 24
940 4014 1001 4078 1133
1021 4014 1137 4065 locasset
1157 4013 1298 4076 Goesoltao,
1318 4014 1358 4064 la-

270 4084 359 4132 cesset
373 4079 418 4144 01
436 4084 577 4146 acceptam
599 4083 737 4142 Gocactco,
757 4087 868 4146 accepta
883 4082 903 4133 C
920 4082 931 4145 11
948 4084 1046 4148 dapem
1061 4083 1185 4147 Socim,
1206 4082 1301 4134 darem
1316 4081 1357 4147 011

270 4155 297 4200 34
316 4150 402 4215 capio]
418 4150 506 4214 captio
521 4149 547 4210 G,
569 4151 635 4214 coos.
652 4152 684 4202 0²
698 4164 760 4215 pop.
774 4155 825 4202 444
837 4165 907 4201 uera.
921 4157 955 4202 43
972 4151 984 4216 1
1003 4156 1034 4201 33
1053 4152 1111 4216 lege
1126 4152 1267 4214 Goceohcn,
1287 4153 1358 4216 legas

272 4219 298 4281 0,
319 4219 386 4282 conf.
403 4217 435 4270 0⁵
449 4231 511 4282 pag.
526 4220 578 4272 2⁷6
589 4232 659 4270 aare.
673 4225 697 4270 4.
