2902 4830
525 348 611 360 .-
656 316 716 376 145
760 348 847 360 .-
1012 315 1047 364 444
1065 312 1077 378 4
1092 316 1224 364 tol-ror

55 506 119 565 485
144 504 290 585 probant.
344 506 403 565 Nec
429 502 632 566 manifestum
660 503 779 564 furtum
810 501 887 582 quid
918 503 973 581 sit,
1007 522 1047 563 ex
1076 503 1114 564 iis
1144 521 1227 582 quae

145 590 284 651 diximus
306 590 512 670 intellegitur.
548 608 620 651 nam
637 589 720 669 quod
735 588 939 650 manifestum
955 607 1018 650 non
1035 598 1093 668 est,
1120 588 1153 649 id
1169 608 1228 651 nec

56 679 119 738 486
144 676 346 738 manifestum
376 685 435 738 est.
497 675 691 755 Conceptum
720 675 840 736 furtum
870 673 996 754 dicitur,
1037 695 1109 736 cum
1142 673 1229 755 apud

144 763 284 841 aliquem
307 762 445 824 testibus
468 760 693 841 praesentibus
723 760 841 822 furtiua
870 779 920 821 res
949 763 1092 840 quaesita
1119 769 1149 822 et
1179 762 1229 821 in-

145 858 241 910 uenta
256 849 307 909 sit.
349 867 422 910 nam
438 849 470 908 in
494 867 567 909 eum
589 847 718 926 propria
740 848 815 908 actio
838 848 1008 909 constituta
1031 857 1089 926 est,
1116 859 1261 926 quam-a

55 935 119 995 487
144 936 194 996 uis
216 933 269 996 fur
290 953 353 995 non
377 935 429 1012 sit,
456 952 538 1012 quae
554 932 733 1013 appellatur
748 934 903 1010 concepti.
944 932 1094 995 Oblatum
1109 933 1229 995 furtum

143 1019 270 1098 dicitur,
296 1039 369 1081 cum
390 1039 442 1081 res
472 1019 592 1081 furtiua
621 1018 679 1080 tibi
708 1018 748 1080 ab
783 1018 890 1098 aliquo
920 1019 1023 1081 oblata
1054 1021 1097 1081 sit
1126 1037 1229 1098 eaque

143 1106 229 1186 apud
251 1116 282 1168 te
305 1114 454 1186 concepta
478 1105 537 1181 sit;
563 1103 676 1184 utique
699 1105 727 1167 si
750 1124 787 1166 ea
810 1112 916 1166 mente
940 1104 1011 1166 data
1036 1106 1094 1167 tibi
1118 1105 1224 1182 fuerit,

142 1201 179 1254 ut
200 1192 286 1272 apud
308 1201 339 1254 te
361 1193 469 1271 potius
492 1209 585 1270 quam
608 1190 695 1270 apud
717 1209 790 1251 eum
813 1191 868 1269 qui
885 1190 1019 1269 dederit,
1046 1189 1230 1271 concipere-

142 1287 204 1339 tur.
249 1296 322 1340 nam
337 1278 409 1357 tibi,
435 1277 522 1357 apud
544 1296 639 1356 quem
662 1285 812 1356 concepta
836 1284 894 1355 est,
920 1279 1049 1357 propria
1072 1276 1229 1339 aduersus
1248 1290 1279 1335 lo

143 1383 216 1426 eum
240 1366 297 1443 qui
320 1363 446 1444 optulit,
474 1363 622 1443 quamuis
645 1362 695 1424 fur
717 1380 779 1423 non
804 1363 855 1440 sit,
882 1365 1053 1425 constituta
1069 1371 1119 1424 est
1134 1365 1224 1440 actio,

54 1450 119 1509 l88
143 1444 252 1535 (qaae)
276 1450 456 1530 appellatur
478 1448 587 1511 oblati.
632 1449 689 1510 Est
712 1450 809 1510 etium
834 1448 985 1527 prohibiti
1017 1449 1093 1510 furti
1117 1443 1228 1535 (colio)

143 1535 298 1598 aduersus
321 1556 393 1598 eum
417 1537 473 1615 qui
495 1535 615 1596 furtum
638 1553 794 1613 quaerere
824 1534 984 1596 uolentem
1012 1536 1224 1615 prohibuerit.

55 1623 117 1680 489
196 1632 199 1638 ’
229 1623 329 1683 Poena
352 1620 514 1684 manifesti
537 1620 614 1682 furti
645 1639 685 1682 cx
707 1621 775 1700 lege
796 1620 839 1681 ᾖ
869 1619 1052 1683 tabularum
1080 1620 1227 1702 capitalis

142 1717 220 1769 erat.
261 1726 334 1770 nam
357 1708 440 1770 liber
465 1707 655 1769 uerberatus
676 1705 886 1768 addicebatur
907 1709 936 1768 ei
960 1709 1012 1770 cui
1035 1707 1156 1770 furtum
1179 1707 1227 1770 fe-
1245 1719 1276 1765 ⁴5

141 1801 241 1871 cerat,
276 1803 384 1855 utrum
408 1803 515 1856 autem
538 1811 654 1855 seruus
681 1792 862 1855 efficeretur
888 1812 929 1853 ex
960 1793 1155 1872 addictione,
1185 1813 1225 1854 an

141 1879 314 1942 adiudicati
338 1881 404 1941 loco
427 1881 682 1958 constitueretur,
708 1887 835 1941 ueteres
859 1880 1066 1958 quaerebant.
1109 1881 1141 1941 in
1157 1898 1226 1941 scr-

140 1984 214 2027 uum
241 1984 340 2044 acque
367 1967 569 2028 uerberatum
591 1964 907 2027 animaduertcbctur.
957 1967 1011 2028 red
1037 1976 1147 2046 postea
1173 1967 1226 2027 in-

141 2050 275 2132 probata
297 2060 346 2113 est
367 2052 523 2132 asperitas
546 2071 667 2131 poenae
691 2060 722 2113 et
737 2061 801 2113 tam
818 2054 960 2114 exserui
977 2071 1114 2133 persona
1129 2071 1224 2133 quam

141 2157 181 2199 ex
203 2137 296 2199 liberi
320 2137 492 2217 quadrupli
515 2138 595 2199 actio
618 2138 775 2217 praetoris
803 2135 905 2199 edicto
933 2140 1105 2201 constituta
1131 2147 1190 2200 est.
1215 2134 1225 2222 4
1242 2148 1274 2194 44

53 2223 115 2283 490
140 2225 203 2286 Ν44
224 2223 385 2286 manifesti
408 2224 486 2284 furti
507 2242 610 2304 poena
632 2243 691 2303 per
713 2224 816 2304 legem
832 2216 911 2311 <rr-n>
932 2223 1117 2287 tabularum
1131 2224 1326 2304 duplipgaro

52 2311 108 2370 494
138 2310 313 2389 inrogatur,
344 2328 477 2389 eamque
505 2311 600 2371 etiam
627 2318 753 2388 praetor
780 2318 958 2372 conseruat.
1012 2311 1161 2390 Concepti
1191 2319 1224 2371 et

140 2395 236 2458 oblati
258 2413 360 2476 poena
371 2412 416 2458 'ex
431 2397 500 2476 lege
514 2396 558 2456 ῐιῖ
579 2394 761 2457 tabularum
777 2397 864 2477 tripli
880 2403 937 2475 est,
963 2415 1063 2476 ecque
1078 2395 1225 2458 similiter

208 2583 420 2648 §rsa=1nst.
443 2586 467 2646 4,
483 2588 506 2645 4,
523 2587 551 2645 9;
577 2582 647 2634 conf.
668 2584 726 2647 Dig.
748 2587 789 2644 47,
811 2588 836 2647 2,
857 2588 871 2633 8
895 2585 985 2644 (Gaius
1009 2583 1079 2634 libro
1104 2585 1165 2634 Xill
1187 2583 1222 2634 ad

139 2651 259 2703 edictum
277 2652 454 2717 prouinciale)
477 2653 488 2717 ll
506 2651 581 2717 4486
601 2672 633 2695 =
652 2655 716 2704 inst.
731 2657 755 2715 4,
772 2658 795 2712 4,
811 2656 825 2703 4
843 2653 854 2717 11
872 2652 885 2718 4
900 2658 946 2704 484
968 2674 1000 2697 =
1019 2654 1083 2702 inst.
1100 2655 1124 2714 4,
1142 2657 1164 2714 4,
1181 2654 1195 2702 4
1213 2649 1223 2719 ΙΙ

137 2720 268 2839 4114548Γ4
285 2722 349 2838 Iqst.
366 2723 390 2784 4,
406 2726 430 2783 4,
447 2723 461 2770 4
483 2721 494 2784 ΙΙ
515 2720 590 2786 4489
610 2723 667 2773 init.
688 2724 716 2771 et
737 2723 801 2772 inde
824 2723 858 2772 ab
880 2726 910 2771 49
930 2728 983 2772 tam
1007 2725 1034 2772 44
1053 2720 1128 2786 4494
1148 2721 1221 2772 conl.

197 2828 202 2839 .
237 2829 243 2852 ,
276 2830 282 2852 ,
317 2828 323 2838 .

1171 2891 1223 2907 ΜΛ,

208 2966 217 3009 4
235 2974 285 3011 nec
297 2963 359 3011 4444.
376 2961 448 3025 044,
468 2962 496 3011 ni
511 2960 537 3024 0,
558 2962 625 3024 conl.
642 2961 673 3012 04
687 2975 749 3025 pap.
763 2965 814 3014 284
826 2975 897 3012 cers.
910 2966 945 3014 44
962 2962 974 3027 ΙΙ
991 2962 1058 3028 quid
1071 2963 1133 3012 lost.
1147 2963 1220 3026 Dtp„

137 3029 212 3093 quod
232 3029 276 3092 04,
301 3030 368 3092 conf.
391 3029 422 3079 04
436 3044 499 3094 pop.
518 3034 568 3083 294
590 3044 662 3081 acra.
676 3036 710 3084 28
733 3031 744 3095 ΙΙ
767 3035 782 3081 4
806 3031 880 3096 quod
904 3032 967 3081 last.
988 3033 1061 3096 Dia„
1086 3044 1154 3095 quae
1175 3030 1219 3093 0²¹,

137 3099 203 3161 4444.
218 3098 249 3148 04
263 3112 326 3162 pap.
340 3104 390 3153 294
403 3100 451 3162 inf.
471 3099 483 3163 11
501 3098 528 3149 id
543 3097 570 3161 0,
590 3100 616 3148 44
632 3101 735 3153 scillcet
748 3101 823 3163 lost,
844 3100 895 3150 boc
907 3101 1012 3151 scilicet
1024 3101 1084 3164 044.
1104 3099 1115 3163 14
1134 3103 1147 3148 9
1162 3112 1223 3148 ma·

136 3165 265 3216 nifestum
284 3168 333 3231 est]
354 3168 421 3230 conl.
444 3167 475 3218 04
489 3181 552 3231 paq.
567 3170 618 3223 278
635 3182 707 3219 acra.
722 3173 754 3219 48
773 3169 783 3232 ll
802 3174 815 3218 4
835 3170 936 3219 furtiua
949 3170 1023 3231 last,
1043 3168 1178 3219 fortibusa
1193 3167 1218 3228 0,

136 3236 203 3298 conl.
226 3235 257 3286 04
271 3249 334 3300 paq.
348 3240 399 3287 444
417 3251 487 3287 acra.
501 3242 535 3290 29
553 3241 578 3286 44
591 3251 654 3301 pap.
669 3242 720 3292 248
737 3252 808 3289 acra.
824 3243 856 3292 42
879 3238 891 3302 ΙΙ
914 3239 1034 3303 quaesite
1053 3239 1127 3299 last,
1153 3250 1222 3301 qua-

137 3305 207 3354 saar
227 3304 271 3366 04,
293 3305 358 3367 conl.
382 3304 413 3354 04
427 3318 489 3369 pap.
504 3311 555 3359 294
572 3319 642 3356 acra.
660 3312 693 3356 44
710 3306 721 3369 ll
738 3310 752 3355 4
773 3308 808 3358 sit
825 3308 899 3368 4444,
920 3306 1009 3357 eston
1026 3307 1038 3371 11
1055 3308 1127 3356 actio
1145 3307 1219 3365 4444,

135 3371 199 3434 40,
218 3373 285 3436 conf.
308 3372 341 3423 04
354 3387 416 3438 pap.
432 3379 484 3426 244
500 3388 569 3424 cors.
582 3380 616 3428 24
638 3375 649 3438 ΙΙ
674 3381 687 3423 7
710 3375 760 3425 ubi
784 3376 819 3426 ab
842 3377 932 3440 aliquo
953 3375 979 3437 0,
1005 3376 1040 3425 ab
1063 3375 1153 3438 aliquo
1172 3373 1221 3424 tibi

137 3442 199 3492 lost.
220 3441 230 3505 11
249 3447 263 3492 8
282 3443 377 3506 utique
395 3444 471 3502 4444,
491 3443 536 3493 uel
554 3445 650 3508 utique
671 3442 698 3503 0,
716 3445 783 3507 coos.
806 3443 837 3494 04
851 3458 913 3508 paq.
927 3449 978 3495 449
996 3457 1067 3494 cers.
1083 3449 1116 3493 44
1132 3441 1142 3510 ΙΙ
1159 3443 1220 3494 data

136 3510 185 3560 tibi
200 3509 227 3572 0,
247 3508 297 3562 tibi
309 3511 369 3561 dato
384 3512 446 3562 lost.
466 3508 476 3579 4
493 3516 507 3560 9
527 3525 608 3576 quam
627 3512 701 3576 apud
720 3514 793 3573 last,
814 3526 885 3578 quap
900 3512 942 3573 0¹¹,
963 3513 1030 3576 coos.
1047 3511 1078 3562 04
1092 3525 1156 3575 pop.
1170 3517 1219 3564 294

134 3593 206 3629 cars.
219 3585 253 3631 44
275 3580 286 3644 ll
309 3584 339 3628 44
359 3584 401 3630 est
421 3579 464 3642 04,
490 3581 524 3631 sit
542 3582 605 3631 lost.
626 3581 637 3645 4
660 3585 692 3629 42
711 3594 781 3645 quae
800 3583 875 3644 4444,
899 3595 950 3632 om.
972 3580 999 3640 0,
1019 3580 1086 3643 coos.
1109 3580 1141 3630 04
1155 3594 1220 3644 paq.

135 3653 186 3702 294
203 3653 304 3699 44447
321 3649 333 3712 ΙΙ
351 3649 433 3699 oblati
452 3651 526 3712 4444,
552 3649 628 3700 obliti
650 3649 695 3713 Cll
713 3651 793 3700 etiem
813 3652 888 3710 lost,
908 3652 952 3701 444
973 3648 999 3712 0,
1020 3650 1087 3712 conl.
1110 3648 1141 3698 04
1155 3662 1219 3712 pop.

134 3719 186 3770 247
203 3731 273 3768 cars.
289 3724 321 3767 44
338 3718 349 3781 ΙΙ
366 3719 436 3768 actio
450 3719 523 3776 last,
545 3732 593 3768 om.
613 3717 640 3779 0,
660 3719 728 3782 coos.
745 3717 776 3768 04
789 3733 853 3783 paq.
867 3724 918 3773 244
935 3732 1005 3770 cers.
1019 3724 1053 3773 24
1072 3718 1083 3782 ΙΙ
1101 3721 1132 3767 49
1152 3732 1222 3783 que-

136 3798 195 3835 rere
210 3784 236 3848 0,
257 3800 388 3851 quaerere
406 3786 523 3837 testibus
539 3787 727 3850 praesentibus
740 3788 803 3838 lost.
822 3788 832 3850 ΙΙ
852 3792 883 3837 44
902 3789 960 3849 lege
975 3788 1115 3848 decaetero,
1134 3787 1221 3851 legel‘l

137 3852 164 3916 0,
185 3855 250 3918 coos.
265 3854 296 3905 04
304 3869 368 3919 paq.
381 3857 432 3910 274
444 3856 492 3919 inf.
513 3855 524 3919 4
544 3859 643 3906 47-48
663 3868 773 3905 seruum
785 3870 871 3920 aeque
885 3858 1044 3918 4444444444,
1064 3869 1126 3907 eum
1140 3859 1221 3920 atquc

138 3921 172 3972 04
199 3929 262 3974 testo
282 3925 427 3974 Gocsclteoo
445 3925 456 3988 4
475 3927 575 3973 47-48
599 3927 633 3974 cd
656 3927 811 3974 sententiam
834 3927 963 3987 suppleuit
986 3925 1103 3976 Huschke
1126 3926 1218 3987 (olim),

135 3992 201 4055 conf.
224 3992 288 4055 0411
310 3994 516 4055 sepostliberi
535 3995 656 4044 litteren
675 3998 807 4054 expuncta
830 3999 868 4044 cat
885 3996 914 4044 ia
933 3993 952 4044 0
973 3993 984 4057 ΙΙ
1008 3998 1035 4042 24
1063 3992 1096 4060 4)
1121 3995 1221 4044 addidit
1276 4025 1278 4029 ν

137 4060 267 4111 04444444
290 4058 299 4128 ll
324 4065 354 4111 29
383 4066 424 4112 est
447 4075 533 4127 eaque
552 4063 716 4123 4444444444,
737 4075 795 4112 csse
815 4076 868 4127 qua
888 4061 931 4125 04,
956 4063 1024 4126 coos.
1046 4062 1077 4112 04
1091 4077 1155 4127 pop.
1168 4067 1221 4116 244

132 4142 204 4178 cers.
217 4135 244 4183 4.

187 4228 264 4271 Gamo.
980 4239 1011 4284 40
