<?xml version="1.0" encoding="UTF-8"?>
<!DOCTYPE html PUBLIC "-//W3C//DTD XHTML 1.0 Transitional//EN"
    "http://www.w3.org/TR/xhtml1/DTD/xhtml1-transitional.dtd">
<html xmlns="http://www.w3.org/1999/xhtml" xml:lang="en" lang="en">
 <head>
  <title>
</title>
<meta http-equiv="Content-Type" content="text/html;charset=utf-8" />
  <meta name='ocr-system' content='tesseract 3.04.00' />
  <meta name='ocr-capabilities' content='ocr_page ocr_carea ocr_par ocr_line ocrx_word'/>
</head>
<body>
  <div class='ocr_page' id='page_1' title='image "./gaiinstitutione00krgoog_0171.png"; bbox 0 0 2902 4830; ppageno 0'>
   <div class='ocr_carea' id='block_1_1' title="bbox 285 286 986 352">
    <p class='ocr_par' dir='ltr' id='par_1_1' title="bbox 285 286 986 352">
     <span class='ocr_line' id='line_1_1' title="bbox 285 286 986 352; baseline -0.003 -17"><span class='ocrx_word' id='word_1_1' title='bbox 285 288 317 338; x_wconf 82' lang='lat' dir='ltr'>tv</span> <span class='ocrx_word' id='word_1_2' title='bbox 334 286 461 352; x_wconf 76' lang='lat' dir='ltr'>§oo-et</span> <span class='ocrx_word' id='word_1_3' title='bbox 667 321 750 332; x_wconf 88' lang='grc'>....</span> <span class='ocrx_word' id='word_1_4' title='bbox 797 288 857 349; x_wconf 81' lang='lat'>172</span> <span class='ocrx_word' id='word_1_5' title='bbox 902 322 986 333; x_wconf 72' lang='grc'>..-</span> 
     </span>
    </p>
   </div>
   <div class='ocr_carea' id='block_1_2' title="bbox 284 474 1399 988">
    <p class='ocr_par' dir='ltr' id='par_1_2' title="bbox 284 474 1399 988">
     <span class='ocr_line' id='line_1_2' title="bbox 284 474 1369 555; baseline -0.001 -18"><span class='ocrx_word' id='word_1_6' title='bbox 284 495 359 538; x_wconf 75' lang='lat' dir='ltr'>naas</span> <span class='ocrx_word' id='word_1_7' title='bbox 381 496 487 538; x_wconf 78' lang='grc'><strong>333333</strong></span> <span class='ocrx_word' id='word_1_8' title='bbox 511 495 661 555; x_wconf 84' lang='lat' dir='ltr'>ororrur3</span> <span class='ocrx_word' id='word_1_9' title='bbox 695 477 727 536; x_wconf 94' lang='lat' dir='ltr'>in</span> <span class='ocrx_word' id='word_1_10' title='bbox 752 495 792 536; x_wconf 91' lang='lat' dir='ltr'>eu</span> <span class='ocrx_word' id='word_1_11' title='bbox 814 494 889 537; x_wconf 89' lang='grc'><strong>3333</strong></span> <span class='ocrx_word' id='word_1_12' title='bbox 913 493 995 555; x_wconf 89' lang='lat' dir='ltr'>quae</span> <span class='ocrx_word' id='word_1_13' title='bbox 1018 475 1051 534; x_wconf 95' lang='lat' dir='ltr'>in</span> <span class='ocrx_word' id='word_1_14' title='bbox 1074 474 1193 536; x_wconf 85' lang='lat' dir='ltr'>iactum</span> <span class='ocrx_word' id='word_1_15' title='bbox 1216 483 1369 554; x_wconf 87' lang='lat' dir='ltr'>concepta</span> 
     </span>
     <span class='ocr_line' id='line_1_3' title="bbox 285 559 1371 641; baseline -0.003 -16"><span class='ocrx_word' id='word_1_16' title='bbox 285 570 338 640; x_wconf 86' lang='lat' dir='ltr'>est,</span> <span class='ocrx_word' id='word_1_17' title='bbox 365 563 469 624; x_wconf 88' lang='lat' dir='ltr'>statim</span> <span class='ocrx_word' id='word_1_18' title='bbox 492 562 582 623; x_wconf 91' lang='lat' dir='ltr'>initio</span> <span class='ocrx_word' id='word_1_19' title='bbox 605 562 786 622; x_wconf 92' lang='lat' dir='ltr'>intentionis</span> <span class='ocrx_word' id='word_1_20' title='bbox 816 562 877 622; x_wconf 94' lang='lat' dir='ltr'>alio</span> <span class='ocrx_word' id='word_1_21' title='bbox 907 560 998 622; x_wconf 94' lang='lat' dir='ltr'>modo</span> <span class='ocrx_word' id='word_1_22' title='bbox 1020 578 1072 621; x_wconf 90' lang='lat' dir='ltr'>res</span> <span class='ocrx_word' id='word_1_23' title='bbox 1103 559 1142 621; x_wconf 90' lang='lat' dir='ltr'>de</span> <span class='ocrx_word' id='word_1_24' title='bbox 1172 579 1236 641; x_wconf 88' lang='lat' dir='ltr'>qua</span> <span class='ocrx_word' id='word_1_25' title='bbox 1266 561 1371 640; x_wconf 80' lang='lat' dir='ltr'>agitur</span> 
     </span>
     <span class='ocr_line' id='line_1_4' title="bbox 285 639 1373 731; baseline -0.005 -20"><span class='ocrx_word' id='word_1_26' title='bbox 285 649 473 730; x_wconf 78' lang='lat' dir='ltr'>designetur</span> <span class='ocrx_word' id='word_1_27' title='bbox 495 648 544 708; x_wconf 89' lang='lat' dir='ltr'>his</span> <span class='ocrx_word' id='word_1_28' title='bbox 566 647 676 709; x_wconf 90' lang='lat' dir='ltr'>uerbis</span> <span class='ocrx_word' id='word_1_29' title='bbox 699 667 725 708; x_wconf 82' lang='grc' dir='ltr'>ει</span> <span class='ocrx_word' id='word_1_30' title='bbox 750 667 842 707; x_wconf 73' lang='lat' dir='ltr'>rarus</span> <span class='ocrx_word' id='word_1_31' title='bbox 864 666 953 707; x_wconf 81' lang='lat' dir='ltr'>muru</span> <span class='ocrx_word' id='word_1_32' title='bbox 968 664 1042 707; x_wconf 78' lang='grc'><strong>3333</strong></span> <span class='ocrx_word' id='word_1_33' title='bbox 1058 639 1172 731; x_wconf 71' lang='lat' dir='ltr'>&lt;tarra</span> <span class='ocrx_word' id='word_1_34' title='bbox 1185 641 1264 731; x_wconf 83' lang='grc'><strong>333)</strong></span> <span class='ocrx_word' id='word_1_35' title='bbox 1280 663 1373 707; x_wconf 75' lang='lat' dir='ltr'>nuru</span> 
     </span>
     <span class='ocr_line' id='line_1_5' title="bbox 284 731 1370 813; baseline -0.001 -18"><span class='ocrx_word' id='word_1_36' title='bbox 284 753 472 796; x_wconf 84' lang='lat' dir='ltr'>nurosussa:</span> <span class='ocrx_word' id='word_1_37' title='bbox 499 732 649 796; x_wconf 90' lang='lat' dir='ltr'>dubitare</span> <span class='ocrx_word' id='word_1_38' title='bbox 672 752 734 794; x_wconf 93' lang='lat' dir='ltr'>non</span> <span class='ocrx_word' id='word_1_39' title='bbox 758 731 924 813; x_wconf 91' lang='lat' dir='ltr'>debemus,</span> <span class='ocrx_word' id='word_1_40' title='bbox 944 732 1023 812; x_wconf 92' lang='lat' dir='ltr'>quin</span> <span class='ocrx_word' id='word_1_41' title='bbox 1046 735 1074 793; x_wconf 92' lang='lat' dir='ltr'>si</span> <span class='ocrx_word' id='word_1_42' title='bbox 1094 732 1167 811; x_wconf 89' lang='lat' dir='ltr'>quis</span> <span class='ocrx_word' id='word_1_43' title='bbox 1183 731 1217 792; x_wconf 91' lang='lat' dir='ltr'>in</span> <span class='ocrx_word' id='word_1_44' title='bbox 1233 732 1370 794; x_wconf 85' lang='lat' dir='ltr'>formula</span> 
     </span>
     <span class='ocr_line' id='line_1_6' title="bbox 284 817 1399 899; baseline -0.004 -18"><span class='ocrx_word' id='word_1_45' title='bbox 284 837 366 899; x_wconf 88' lang='lat' dir='ltr'>quae</span> <span class='ocrx_word' id='word_1_46' title='bbox 389 820 422 880; x_wconf 89' lang='lat' dir='ltr'>in</span> <span class='ocrx_word' id='word_1_47' title='bbox 438 819 558 881; x_wconf 87' lang='lat' dir='ltr'>iactum</span> <span class='ocrx_word' id='word_1_48' title='bbox 574 820 735 899; x_wconf 88' lang='lat' dir='ltr'>conposita</span> <span class='ocrx_word' id='word_1_49' title='bbox 757 828 814 897; x_wconf 90' lang='grc'><strong>336,</strong></span> <span class='ocrx_word' id='word_1_50' title='bbox 841 818 951 899; x_wconf 88' lang='grc'><strong>313333</strong></span> <span class='ocrx_word' id='word_1_51' title='bbox 973 837 1023 879; x_wconf 88' lang='grc'>333</span> <span class='ocrx_word' id='word_1_52' title='bbox 1039 817 1259 898; x_wconf 79' lang='lat' dir='ltr'>designauerit</span> <span class='ocrx_word' id='word_1_53' title='bbox 1273 837 1370 899; x_wconf 90' lang='lat' dir='ltr'>quam</span> <span class='ocrx_word' id='word_1_54' title='bbox 1387 830 1399 876; x_wconf 82' lang='lat'>5</span> 
     </span>
     <span class='ocr_line' id='line_1_7' title="bbox 284 900 1372 988; baseline 0 -22"><span class='ocrx_word' id='word_1_55' title='bbox 284 904 478 984; x_wconf 78' lang='lat' dir='ltr'>deposuerit,</span> <span class='ocrx_word' id='word_1_56' title='bbox 509 905 594 967; x_wconf 89' lang='lat' dir='ltr'>litem</span> <span class='ocrx_word' id='word_1_57' title='bbox 618 903 741 985; x_wconf 91' lang='lat' dir='ltr'>perdat,</span> <span class='ocrx_word' id='word_1_58' title='bbox 768 906 844 984; x_wconf 88' lang='lat' dir='ltr'>quia</span> <span class='ocrx_word' id='word_1_59' title='bbox 867 905 900 965; x_wconf 95' lang='lat' dir='ltr'>in</span> <span class='ocrx_word' id='word_1_60' title='bbox 926 905 1101 966; x_wconf 92' lang='lat' dir='ltr'>intentione</span> <span class='ocrx_word' id='word_1_61' title='bbox 1126 905 1199 984; x_wconf 90' lang='lat' dir='ltr'>plus</span> <span class='ocrx_word' id='word_1_62' title='bbox 1224 900 1372 988; x_wconf 66' lang='lat' dir='ltr'>pos—{i</span> 
     </span>
    </p>
   </div>
   <div class='ocr_carea' id='block_1_3' title="bbox 220 990 1440 1229">
    <p class='ocr_par' dir='ltr' id='par_1_3' title="bbox 220 990 1440 1229">
     <span class='ocr_line' id='line_1_8' title="bbox 284 990 1440 1109; baseline -0.003 -67"><span class='ocrx_word' id='word_1_63' title='bbox 284 1061 328 1069; x_wconf 59' lang='lat'>-</span> <span class='ocrx_word' id='word_1_64' title='bbox 583 994 628 1052; x_wconf 77' lang='grc'>(26</span> <span class='ocrx_word' id='word_1_65' title='bbox 646 1004 740 1041; x_wconf 89' lang='lat' dir='ltr'>uersus</span> <span class='ocrx_word' id='word_1_66' title='bbox 756 993 785 1041; x_wconf 92' lang='lat' dir='ltr'>in</span> <span class='ocrx_word' id='word_1_67' title='bbox 805 990 825 1040; x_wconf 84' lang='lat' dir='ltr'><em>C</em></span> <span class='ocrx_word' id='word_1_68' title='bbox 843 992 892 1053; x_wconf 82' lang='grc'><strong>6336</strong></span> <span class='ocrx_word' id='word_1_69' title='bbox 909 990 1049 1051; x_wconf 81' lang='lat' dir='ltr'>nequeunt)</span> <span class='ocrx_word' id='word_1_70' title='bbox 1366 1021 1414 1109; x_wconf 30' lang='grc' dir='ltr'>1ρὲ’</span> <span class='ocrx_word' id='word_1_71' title='bbox 1416 1038 1428 1082; x_wconf 54' lang='lat'><em>2</em></span> <span class='ocrx_word' id='word_1_72' title='bbox 1432 1037 1440 1081; x_wconf 57' lang='lat'><strong>4</strong></span> 
     </span>
     <span class='ocr_line' id='line_1_9' title="bbox 220 1109 1440 1229; baseline 0.001 -70"><span class='ocrx_word' id='word_1_73' title='bbox 220 1148 254 1207; x_wconf 62' lang='grc'><strong>6,</strong></span> <span class='ocrx_word' id='word_1_74' title='bbox 585 1113 629 1172; x_wconf 75' lang='grc'>(66</span> <span class='ocrx_word' id='word_1_75' title='bbox 648 1125 741 1160; x_wconf 90' lang='lat' dir='ltr'>uersus</span> <span class='ocrx_word' id='word_1_76' title='bbox 759 1113 787 1160; x_wconf 91' lang='lat' dir='ltr'>in</span> <span class='ocrx_word' id='word_1_77' title='bbox 807 1109 827 1160; x_wconf 81' lang='lat' dir='ltr'><em>C</em></span> <span class='ocrx_word' id='word_1_78' title='bbox 844 1112 893 1173; x_wconf 82' lang='grc'><strong>6336</strong></span> <span class='ocrx_word' id='word_1_79' title='bbox 910 1112 1050 1173; x_wconf 78' lang='lat' dir='ltr'>nequeunt)</span> <span class='ocrx_word' id='word_1_80' title='bbox 1367 1141 1440 1229; x_wconf 53' lang='lat' dir='ltr'>&#39;mm</span> 
     </span>
    </p>
   </div>
   <div class='ocr_carea' id='block_1_4' title="bbox 218 1230 1441 2512">
    <p class='ocr_par' dir='ltr' id='par_1_4' title="bbox 218 1230 1441 2512">
     <span class='ocr_line' id='line_1_10' title="bbox 284 1230 1441 1310; baseline -0.003 -19"><span class='ocrx_word' id='word_1_81' title='bbox 284 1231 473 1310; x_wconf 77' lang='lat' dir='ltr'>continetur,</span> <span class='ocrx_word' id='word_1_82' title='bbox 500 1240 536 1294; x_wconf 94' lang='lat' dir='ltr'>ut</span> <span class='ocrx_word' id='word_1_83' title='bbox 557 1231 667 1294; x_wconf 88' lang='lat' dir='ltr'>habita</span> <span class='ocrx_word' id='word_1_84' title='bbox 689 1232 809 1293; x_wconf 89' lang='lat' dir='ltr'>ratione</span> <span class='ocrx_word' id='word_1_85' title='bbox 833 1231 903 1292; x_wconf 93' lang='lat' dir='ltr'>eius</span> <span class='ocrx_word' id='word_1_86' title='bbox 917 1230 1002 1310; x_wconf 90' lang='lat' dir='ltr'>quod</span> <span class='ocrx_word' id='word_1_87' title='bbox 1018 1232 1157 1293; x_wconf 89' lang='lat' dir='ltr'>inuicem</span> <span class='ocrx_word' id='word_1_88' title='bbox 1173 1239 1312 1293; x_wconf 91' lang='lat' dir='ltr'>actorem</span> <span class='ocrx_word' id='word_1_89' title='bbox 1329 1250 1369 1292; x_wconf 86' lang='lat' dir='ltr'>ex</span> <span class='ocrx_word' id='word_1_90' title='bbox 1376 1243 1441 1303; x_wconf 79' lang='lat' dir='ltr'>pgat</span> 
     </span>
     <span class='ocr_line' id='line_1_11' title="bbox 283 1316 1414 1397; baseline -0.004 -19"><span class='ocrx_word' id='word_1_91' title='bbox 283 1316 394 1379; x_wconf 90' lang='lat' dir='ltr'>eadem</span> <span class='ocrx_word' id='word_1_92' title='bbox 417 1336 513 1380; x_wconf 87' lang='lat' dir='ltr'>causa</span> <span class='ocrx_word' id='word_1_93' title='bbox 535 1326 697 1396; x_wconf 87' lang='lat' dir='ltr'>praestare</span> <span class='ocrx_word' id='word_1_94' title='bbox 728 1325 903 1397; x_wconf 87' lang='lat' dir='ltr'>oporteret,</span> <span class='ocrx_word' id='word_1_95' title='bbox 938 1318 970 1377; x_wconf 94' lang='lat' dir='ltr'>in</span> <span class='ocrx_word' id='word_1_96' title='bbox 1000 1317 1163 1397; x_wconf 90' lang='lat' dir='ltr'>reliquum</span> <span class='ocrx_word' id='word_1_97' title='bbox 1191 1336 1266 1378; x_wconf 88' lang='lat' dir='ltr'>eum</span> <span class='ocrx_word' id='word_1_98' title='bbox 1295 1336 1369 1378; x_wconf 89' lang='lat' dir='ltr'>cum</span> <span class='ocrx_word' id='word_1_99' title='bbox 1387 1329 1414 1374; x_wconf 85' lang='lat' dir='ltr'>to</span> 
     </span>
     <span class='ocr_line' id='line_1_12' title="bbox 219 1401 1369 1482; baseline -0.001 -17"><span class='ocrx_word' id='word_1_100' title='bbox 219 1407 259 1468; x_wconf 75' lang='lat'>62</span> <span class='ocrx_word' id='word_1_101' title='bbox 283 1421 347 1482; x_wconf 91' lang='lat' dir='ltr'>quo</span> <span class='ocrx_word' id='word_1_102' title='bbox 370 1411 475 1465; x_wconf 92' lang='lat' dir='ltr'>aetum</span> <span class='ocrx_word' id='word_1_103' title='bbox 499 1411 558 1482; x_wconf 92' lang='lat' dir='ltr'>est,</span> <span class='ocrx_word' id='word_1_104' title='bbox 585 1403 804 1465; x_wconf 86' lang='lat' dir='ltr'>condemnare.</span> <span class='ocrx_word' id='word_1_105' title='bbox 846 1404 927 1464; x_wconf 90' lang='lat' dir='ltr'>Sunt</span> <span class='ocrx_word' id='word_1_106' title='bbox 949 1411 1055 1464; x_wconf 90' lang='lat' dir='ltr'>autem</span> <span class='ocrx_word' id='word_1_107' title='bbox 1071 1402 1173 1465; x_wconf 89' lang='lat' dir='ltr'>bonae</span> <span class='ocrx_word' id='word_1_108' title='bbox 1189 1402 1265 1465; x_wconf 88' lang='lat' dir='ltr'>fidei</span> <span class='ocrx_word' id='word_1_109' title='bbox 1281 1401 1369 1464; x_wconf 91' lang='lat' dir='ltr'>iudi-</span> 
     </span>
     <span class='ocr_line' id='line_1_13' title="bbox 284 1488 1369 1570; baseline -0.002 -20"><span class='ocrx_word' id='word_1_110' title='bbox 284 1489 333 1551; x_wconf 91' lang='lat' dir='ltr'>cia</span> <span class='ocrx_word' id='word_1_111' title='bbox 354 1489 449 1551; x_wconf 92' lang='lat' dir='ltr'>haec:</span> <span class='ocrx_word' id='word_1_112' title='bbox 482 1508 523 1550; x_wconf 82' lang='lat' dir='ltr'>cx</span> <span class='ocrx_word' id='word_1_113' title='bbox 546 1497 651 1570; x_wconf 90' lang='lat' dir='ltr'>empto</span> <span class='ocrx_word' id='word_1_114' title='bbox 673 1488 817 1568; x_wconf 86' lang='lat' dir='ltr'>uendite,</span> <span class='ocrx_word' id='word_1_115' title='bbox 848 1489 947 1551; x_wconf 91' lang='lat' dir='ltr'>locato</span> <span class='ocrx_word' id='word_1_116' title='bbox 970 1489 1136 1570; x_wconf 88' lang='lat' dir='ltr'>conducto,</span> <span class='ocrx_word' id='word_1_117' title='bbox 1169 1489 1369 1568; x_wconf 78' lang='lat' dir='ltr'>negotiorum</span> 
     </span>
     <span class='ocr_line' id='line_1_14' title="bbox 283 1574 1365 1655; baseline 0 -19"><span class='ocrx_word' id='word_1_118' title='bbox 283 1585 456 1655; x_wconf 81' lang='lat' dir='ltr'>gestorum,</span> <span class='ocrx_word' id='word_1_119' title='bbox 481 1575 633 1650; x_wconf 87' lang='lat' dir='ltr'>mandati,</span> <span class='ocrx_word' id='word_1_120' title='bbox 660 1574 807 1654; x_wconf 87' lang='lat' dir='ltr'>depositi,</span> <span class='ocrx_word' id='word_1_121' title='bbox 839 1574 986 1652; x_wconf 90' lang='lat' dir='ltr'>fiduciae,</span> <span class='ocrx_word' id='word_1_122' title='bbox 1019 1595 1076 1655; x_wconf 93' lang='lat' dir='ltr'>pro</span> <span class='ocrx_word' id='word_1_123' title='bbox 1106 1575 1199 1653; x_wconf 92' lang='lat' dir='ltr'>socio,</span> <span class='ocrx_word' id='word_1_124' title='bbox 1233 1574 1365 1654; x_wconf 85' lang='lat' dir='ltr'>tutelae,</span> 
     </span>
     <span class='ocr_line' id='line_1_15' title="bbox 283 1654 1365 1746; baseline 0.002 -27"><span class='ocrx_word' id='word_1_125' title='bbox 283 1662 329 1723; x_wconf 90' lang='lat' dir='ltr'>rei</span> <span class='ocrx_word' id='word_1_126' title='bbox 343 1661 483 1738; x_wconf 84' lang='lat' dir='ltr'>uxoriae,</span> <span class='ocrx_word' id='word_1_127' title='bbox 511 1654 715 1746; x_wconf 83' lang='lat' dir='ltr'>(commodati,</span> <span class='ocrx_word' id='word_1_128' title='bbox 738 1661 982 1742; x_wconf 67' lang='lat' dir='ltr'>pieneratieium,</span> <span class='ocrx_word' id='word_1_129' title='bbox 999 1660 1140 1741; x_wconf 77' lang='lat' dir='ltr'>familiae</span> <span class='ocrx_word' id='word_1_130' title='bbox 1155 1661 1365 1738; x_wconf 78' lang='lat' dir='ltr'>erciscundae,</span> 
     </span>
     <span class='ocr_line' id='line_1_16' title="bbox 218 1743 1413 1833; baseline -0.004 -24"><span class='ocrx_word' id='word_1_131' title='bbox 218 1749 256 1809; x_wconf 90' lang='grc'>63</span> <span class='ocrx_word' id='word_1_132' title='bbox 281 1749 432 1808; x_wconf 87' lang='lat' dir='ltr'>communi</span> <span class='ocrx_word' id='word_1_133' title='bbox 453 1746 632 1827; x_wconf 84' lang='lat' dir='ltr'>diuidundo,</span> <span class='ocrx_word' id='word_1_134' title='bbox 654 1748 857 1827; x_wconf 70' lang='lat' dir='ltr'>praececeptis</span> <span class='ocrx_word' id='word_1_135' title='bbox 872 1743 1003 1833; x_wconf 81' lang='lat' dir='ltr'>uerbis).</span> <span class='ocrx_word' id='word_1_136' title='bbox 1035 1746 1181 1808; x_wconf 86' lang='lat' dir='ltr'>Liberum</span> <span class='ocrx_word' id='word_1_137' title='bbox 1197 1755 1369 1809; x_wconf 88' lang='lat' dir='ltr'>esttamen</span> <span class='ocrx_word' id='word_1_138' title='bbox 1386 1759 1413 1805; x_wconf 84' lang='lat' dir='ltr'>ts</span> 
     </span>
     <span class='ocr_line' id='line_1_17' title="bbox 282 1830 1369 1913; baseline 0.002 -22"><span class='ocrx_word' id='word_1_139' title='bbox 282 1830 382 1892; x_wconf 90' lang='lat' dir='ltr'>iudici</span> <span class='ocrx_word' id='word_1_140' title='bbox 420 1831 541 1893; x_wconf 91' lang='lat' dir='ltr'>nullam</span> <span class='ocrx_word' id='word_1_141' title='bbox 579 1834 704 1893; x_wconf 91' lang='lat' dir='ltr'>omnino</span> <span class='ocrx_word' id='word_1_142' title='bbox 743 1833 881 1893; x_wconf 91' lang='lat' dir='ltr'>inuicem</span> <span class='ocrx_word' id='word_1_143' title='bbox 919 1833 1175 1913; x_wconf 89' lang='lat' dir='ltr'>conpensationis</span> <span class='ocrx_word' id='word_1_144' title='bbox 1212 1833 1369 1895; x_wconf 90' lang='lat' dir='ltr'>rationem</span> 
     </span>
     <span class='ocr_line' id='line_1_18' title="bbox 281 1916 1368 1999; baseline 0.002 -22"><span class='ocrx_word' id='word_1_145' title='bbox 281 1916 415 1992; x_wconf 89' lang='lat' dir='ltr'>habere;</span> <span class='ocrx_word' id='word_1_146' title='bbox 446 1935 506 1976; x_wconf 91' lang='lat' dir='ltr'>nec</span> <span class='ocrx_word' id='word_1_147' title='bbox 532 1919 616 1978; x_wconf 90' lang='lat' dir='ltr'>euim</span> <span class='ocrx_word' id='word_1_148' title='bbox 638 1927 746 1997; x_wconf 89' lang='lat' dir='ltr'>aperte</span> <span class='ocrx_word' id='word_1_149' title='bbox 767 1917 921 1979; x_wconf 86' lang='lat' dir='ltr'>formulae</span> <span class='ocrx_word' id='word_1_150' title='bbox 942 1918 1054 1980; x_wconf 89' lang='lat' dir='ltr'>uerbis</span> <span class='ocrx_word' id='word_1_151' title='bbox 1076 1920 1285 1999; x_wconf 86' lang='lat' dir='ltr'>praecipitur,</span> <span class='ocrx_word' id='word_1_152' title='bbox 1312 1917 1368 1981; x_wconf 92' lang='lat' dir='ltr'>sed</span> 
     </span>
     <span class='ocr_line' id='line_1_19' title="bbox 282 2001 1367 2083; baseline 0.001 -20"><span class='ocrx_word' id='word_1_153' title='bbox 282 2002 357 2081; x_wconf 92' lang='lat' dir='ltr'>quia</span> <span class='ocrx_word' id='word_1_154' title='bbox 379 2001 412 2063; x_wconf 95' lang='lat' dir='ltr'>id</span> <span class='ocrx_word' id='word_1_155' title='bbox 434 2001 536 2063; x_wconf 90' lang='lat' dir='ltr'>bonae</span> <span class='ocrx_word' id='word_1_156' title='bbox 559 2002 633 2065; x_wconf 90' lang='lat' dir='ltr'>fidei</span> <span class='ocrx_word' id='word_1_157' title='bbox 656 2002 774 2064; x_wconf 92' lang='lat' dir='ltr'>iudicio</span> <span class='ocrx_word' id='word_1_158' title='bbox 798 2005 995 2066; x_wconf 90' lang='lat' dir='ltr'>conueniens</span> <span class='ocrx_word' id='word_1_159' title='bbox 1011 2004 1152 2083; x_wconf 87' lang='lat' dir='ltr'>uidetur,</span> <span class='ocrx_word' id='word_1_160' title='bbox 1180 2003 1247 2066; x_wconf 91' lang='lat' dir='ltr'>ideo</span> <span class='ocrx_word' id='word_1_161' title='bbox 1262 2004 1367 2065; x_wconf 84' lang='lat' dir='ltr'>officio</span> 
     </span>
     <span class='ocr_line' id='line_1_20' title="bbox 218 2087 1367 2170; baseline 0.001 -20"><span class='ocrx_word' id='word_1_162' title='bbox 218 2091 256 2150; x_wconf 82' lang='grc'>66</span> <span class='ocrx_word' id='word_1_163' title='bbox 281 2088 351 2148; x_wconf 91' lang='lat' dir='ltr'>eius</span> <span class='ocrx_word' id='word_1_164' title='bbox 374 2087 529 2148; x_wconf 86' lang='lat' dir='ltr'>contineri</span> <span class='ocrx_word' id='word_1_165' title='bbox 551 2088 703 2150; x_wconf 85' lang='lat' dir='ltr'>creditur.</span> <span class='ocrx_word' id='word_1_166' title='bbox 750 2088 820 2150; x_wconf 85' lang='lat' dir='ltr'>Alia</span> <span class='ocrx_word' id='word_1_167' title='bbox 843 2100 1008 2152; x_wconf 87' lang='lat' dir='ltr'>causaest</span> <span class='ocrx_word' id='word_1_168' title='bbox 1031 2091 1118 2151; x_wconf 92' lang='lat' dir='ltr'>illius</span> <span class='ocrx_word' id='word_1_169' title='bbox 1146 2090 1281 2153; x_wconf 90' lang='lat' dir='ltr'>actionis</span> <span class='ocrx_word' id='word_1_170' title='bbox 1305 2109 1367 2170; x_wconf 85' lang='lat' dir='ltr'>que</span> 
     </span>
     <span class='ocr_line' id='line_1_21' title="bbox 282 2174 1411 2256; baseline 0 -23"><span class='ocrx_word' id='word_1_171' title='bbox 282 2174 482 2252; x_wconf 80' lang='lat' dir='ltr'>argentarius</span> <span class='ocrx_word' id='word_1_172' title='bbox 504 2174 687 2253; x_wconf 83' lang='lat' dir='ltr'>experitur:</span> <span class='ocrx_word' id='word_1_173' title='bbox 721 2194 794 2237; x_wconf 91' lang='lat' dir='ltr'>nam</span> <span class='ocrx_word' id='word_1_174' title='bbox 824 2175 852 2237; x_wconf 92' lang='lat' dir='ltr'>is</span> <span class='ocrx_word' id='word_1_175' title='bbox 881 2177 1013 2256; x_wconf 81' lang='lat' dir='ltr'>cogitur.</span> <span class='ocrx_word' id='word_1_176' title='bbox 1027 2196 1097 2237; x_wconf 93' lang='lat' dir='ltr'>cum</span> <span class='ocrx_word' id='word_1_177' title='bbox 1120 2179 1411 2256; x_wconf 84' lang='lat' dir='ltr'>conpensationem</span> 
     </span>
     <span class='ocr_line' id='line_1_22' title="bbox 280 2261 1367 2343; baseline 0.003 -23"><span class='ocrx_word' id='word_1_178' title='bbox 280 2278 385 2339; x_wconf 79' lang='lat' dir='ltr'>agere,</span> <span class='ocrx_word' id='word_1_179' title='bbox 413 2268 504 2322; x_wconf 88' lang='grc'><strong>3633</strong></span> <span class='ocrx_word' id='word_1_180' title='bbox 526 2261 729 2340; x_wconf 88' lang='lat' dir='ltr'>conpensatio</span> <span class='ocrx_word' id='word_1_181' title='bbox 752 2261 862 2323; x_wconf 89' lang='lat' dir='ltr'>uerbis</span> <span class='ocrx_word' id='word_1_182' title='bbox 877 2262 1030 2324; x_wconf 84' lang='lat' dir='ltr'>formulae</span> <span class='ocrx_word' id='word_1_183' title='bbox 1046 2262 1257 2343; x_wconf 74' lang='lat' dir='ltr'>exprimitur,</span> <span class='ocrx_word' id='word_1_184' title='bbox 1288 2262 1367 2325; x_wconf 89' lang='lat' dir='ltr'>adeo</span> 
     </span>
     <span class='ocr_line' id='line_1_23' title="bbox 280 2344 1367 2427; baseline 0.002 -21"><span class='ocrx_word' id='word_1_185' title='bbox 280 2344 429 2425; x_wconf 91' lang='lat' dir='ltr'>quidem,</span> <span class='ocrx_word' id='word_1_186' title='bbox 461 2353 497 2407; x_wconf 92' lang='lat' dir='ltr'>ut</span> <span class='ocrx_word' id='word_1_187' title='bbox 524 2346 564 2408; x_wconf 89' lang='lat' dir='ltr'>ab</span> <span class='ocrx_word' id='word_1_188' title='bbox 595 2346 685 2407; x_wconf 91' lang='lat' dir='ltr'>initio</span> <span class='ocrx_word' id='word_1_189' title='bbox 716 2349 959 2427; x_wconf 88' lang='lat' dir='ltr'>conpensatione</span> <span class='ocrx_word' id='word_1_190' title='bbox 986 2348 1066 2410; x_wconf 89' lang='lat' dir='ltr'>faeta</span> <span class='ocrx_word' id='word_1_191' title='bbox 1089 2349 1197 2409; x_wconf 92' lang='lat' dir='ltr'>minus</span> <span class='ocrx_word' id='word_1_192' title='bbox 1221 2348 1367 2409; x_wconf 90' lang='lat' dir='ltr'>intendat</span> 
     </span>
     <span class='ocr_line' id='line_1_24' title="bbox 280 2431 1367 2512; baseline 0.001 -19"><span class='ocrx_word' id='word_1_193' title='bbox 280 2431 342 2493; x_wconf 91' lang='lat' dir='ltr'>sibi</span> <span class='ocrx_word' id='word_1_194' title='bbox 365 2431 436 2494; x_wconf 82' lang='lat' dir='ltr'>dari</span> <span class='ocrx_word' id='word_1_195' title='bbox 456 2441 612 2512; x_wconf 91' lang='lat' dir='ltr'>oportere.</span> <span class='ocrx_word' id='word_1_196' title='bbox 650 2452 723 2494; x_wconf 92' lang='grc'><strong>3333</strong></span> <span class='ocrx_word' id='word_1_197' title='bbox 747 2435 831 2494; x_wconf 90' lang='lat' dir='ltr'>enim</span> <span class='ocrx_word' id='word_1_198' title='bbox 860 2434 887 2495; x_wconf 94' lang='lat' dir='ltr'>si</span> <span class='ocrx_word' id='word_1_199' title='bbox 910 2435 1080 2496; x_wconf 81' lang='lat' dir='ltr'>sestertium</span> <span class='ocrx_word' id='word_1_200' title='bbox 1102 2436 1121 2494; x_wconf 73' lang='lat' dir='ltr'>i</span> <span class='ocrx_word' id='word_1_201' title='bbox 1143 2435 1232 2496; x_wconf 91' lang='lat' dir='ltr'>milia</span> <span class='ocrx_word' id='word_1_202' title='bbox 1254 2433 1367 2496; x_wconf 87' lang='lat' dir='ltr'>debeat</span> 
     </span>
    </p>
   </div>
   <div class='ocr_carea' id='block_1_5' title="bbox 280 2583 896 2601">
    <p class='ocr_par' dir='ltr' id='par_1_5' title="bbox 280 2583 896 2601">
     <span class='ocr_line' id='line_1_25' title="bbox 280 2583 896 2601; baseline 0.003 -2"><span class='ocrx_word' id='word_1_203' title='bbox 280 2583 896 2601; x_wconf 56' lang='grc' dir='ltr'>ΝΜΛΛΛΛΝᾺΛΜΝΝΑΛΛΜΑΝΛΜΛΛΑΜᾺΝΛΛΛ</span> 
     </span>
    </p>
   </div>
   <div class='ocr_carea' id='block_1_6' title="bbox 279 2653 1365 2788">
    <p class='ocr_par' dir='ltr' id='par_1_6' title="bbox 279 2653 1365 2788">
     <span class='ocr_line' id='line_1_26' title="bbox 348 2653 1365 2722; baseline 0.002 -19"><span class='ocrx_word' id='word_1_204' title='bbox 348 2653 401 2719; x_wconf 72' lang='lat' dir='ltr'>§st</span> <span class='ocrx_word' id='word_1_205' title='bbox 425 2654 488 2704; x_wconf 90' lang='lat' dir='ltr'>inde</span> <span class='ocrx_word' id='word_1_206' title='bbox 507 2654 541 2704; x_wconf 88' lang='lat' dir='ltr'>ab</span> <span class='ocrx_word' id='word_1_207' title='bbox 561 2657 575 2702; x_wconf 81' lang='grc'>9</span> <span class='ocrx_word' id='word_1_208' title='bbox 594 2656 681 2704; x_wconf 86' lang='lat' dir='ltr'>hahita</span> <span class='ocrx_word' id='word_1_209' title='bbox 700 2675 731 2697; x_wconf 94' lang='lat'>=</span> <span class='ocrx_word' id='word_1_210' title='bbox 751 2656 815 2706; x_wconf 89' lang='grc'><strong>1336.</strong></span> <span class='ocrx_word' id='word_1_211' title='bbox 838 2657 860 2717; x_wconf 84' lang='grc'>6,</span> <span class='ocrx_word' id='word_1_212' title='bbox 882 2659 905 2714; x_wconf 94' lang='grc'>6,</span> <span class='ocrx_word' id='word_1_213' title='bbox 928 2659 959 2704; x_wconf 81' lang='grc'>39</span> <span class='ocrx_word' id='word_1_214' title='bbox 987 2655 1064 2719; x_wconf 89' lang='lat' dir='ltr'>(coni.</span> <span class='ocrx_word' id='word_1_215' title='bbox 1091 2658 1174 2706; x_wconf 93' lang='lat' dir='ltr'>etiam</span> <span class='ocrx_word' id='word_1_216' title='bbox 1199 2658 1224 2718; x_wconf 84' lang='grc'>6,</span> <span class='ocrx_word' id='word_1_217' title='bbox 1247 2659 1272 2716; x_wconf 90' lang='grc'>6,</span> <span class='ocrx_word' id='word_1_218' title='bbox 1295 2657 1335 2719; x_wconf 80' lang='grc'>36)</span> <span class='ocrx_word' id='word_1_219' title='bbox 1356 2654 1365 2722; x_wconf 71' lang='lat' dir='ltr'>ii</span> 
     </span>
     <span class='ocr_line' id='line_1_27' title="bbox 279 2721 647 2788; baseline 0.003 -16"><span class='ocrx_word' id='word_1_220' title='bbox 279 2721 338 2788; x_wconf 77' lang='lat' dir='ltr'>§oe</span> <span class='ocrx_word' id='word_1_221' title='bbox 358 2722 426 2774; x_wconf 87' lang='lat' dir='ltr'>coni.</span> <span class='ocrx_word' id='word_1_222' title='bbox 445 2725 510 2775; x_wconf 88' lang='grc'><strong>1336.</strong></span> <span class='ocrx_word' id='word_1_223' title='bbox 525 2727 550 2785; x_wconf 84' lang='grc'>6,</span> <span class='ocrx_word' id='word_1_224' title='bbox 566 2727 589 2784; x_wconf 88' lang='grc'>6,</span> <span class='ocrx_word' id='word_1_225' title='bbox 607 2727 647 2774; x_wconf 77' lang='grc'>68.</span> 
     </span>
    </p>
   </div>
   <div class='ocr_carea' id='block_1_7' title="bbox 273 2924 1365 4160">
    <p class='ocr_par' dir='ltr' id='par_1_7' title="bbox 273 2924 1365 4160">
     <span class='ocr_line' id='line_1_28' title="bbox 349 2924 1364 2996; baseline 0.003 -20"><span class='ocrx_word' id='word_1_226' title='bbox 349 2931 358 2975; x_wconf 94' lang='grc'>6</span> <span class='ocrx_word' id='word_1_227' title='bbox 382 2941 412 2977; x_wconf 87' lang='grc'>33</span> <span class='ocrx_word' id='word_1_228' title='bbox 429 2928 566 2988; x_wconf 83' lang='lat' dir='ltr'>Goesehen,</span> <span class='ocrx_word' id='word_1_229' title='bbox 582 2942 641 2978; x_wconf 85' lang='lat' dir='ltr'>eam</span> <span class='ocrx_word' id='word_1_230' title='bbox 657 2925 696 2995; x_wconf 81' lang='grc' dir='ltr'>ΟΙΙ</span> <span class='ocrx_word' id='word_1_231' title='bbox 709 2933 722 2977; x_wconf 86' lang='grc'>3</span> <span class='ocrx_word' id='word_1_232' title='bbox 736 2926 767 2995; x_wconf 88' lang='grc'>&lt;&gt;</span> <span class='ocrx_word' id='word_1_233' title='bbox 780 2931 877 2978; x_wconf 88' lang='lat' dir='ltr'>addidit</span> <span class='ocrx_word' id='word_1_234' title='bbox 890 2929 1006 2979; x_wconf 78' lang='lat' dir='ltr'>Huschke</span> <span class='ocrx_word' id='word_1_235' title='bbox 1017 2924 1027 2996; x_wconf 86' lang='grc' dir='ltr'>ΙΙ</span> <span class='ocrx_word' id='word_1_236' title='bbox 1039 2942 1116 2979; x_wconf 76' lang='lat' dir='ltr'>runnu</span> <span class='ocrx_word' id='word_1_237' title='bbox 1129 2930 1255 2991; x_wconf 88' lang='lat' dir='ltr'>Huschhe,</span> <span class='ocrx_word' id='word_1_238' title='bbox 1272 2929 1364 2980; x_wconf 85' lang='grc'><strong>611333</strong></span> 
     </span>
     <span class='ocr_line' id='line_1_29' title="bbox 279 2994 1364 3062; baseline 0.005 -19"><span class='ocrx_word' id='word_1_239' title='bbox 279 2995 351 3045; x_wconf 86' lang='lat' dir='ltr'>iilam</span> <span class='ocrx_word' id='word_1_240' title='bbox 365 3001 509 3045; x_wconf 87' lang='lat' dir='ltr'>correctum</span> <span class='ocrx_word' id='word_1_241' title='bbox 523 2994 563 3062; x_wconf 77' lang='grc' dir='ltr'>ΟΙΙ</span> <span class='ocrx_word' id='word_1_242' title='bbox 575 3001 589 3044; x_wconf 92' lang='grc'><strong>6</strong></span> <span class='ocrx_word' id='word_1_243' title='bbox 606 2997 735 3047; x_wconf 88' lang='lat' dir='ltr'>Goesehen</span> <span class='ocrx_word' id='word_1_244' title='bbox 747 3001 899 3047; x_wconf 76' lang='lat' dir='ltr'>seutentiam</span> <span class='ocrx_word' id='word_1_245' title='bbox 911 3012 933 3048; x_wconf 89' lang='grc'>3.</span> <span class='ocrx_word' id='word_1_246' title='bbox 944 3011 970 3061; x_wconf 82' lang='grc'>3,</span> <span class='ocrx_word' id='word_1_247' title='bbox 984 3000 1021 3046; x_wconf 87' lang='lat' dir='ltr'>sie</span> <span class='ocrx_word' id='word_1_248' title='bbox 1029 3000 1131 3062; x_wconf 73' lang='lat' dir='ltr'>perficit</span> <span class='ocrx_word' id='word_1_249' title='bbox 1142 3000 1273 3058; x_wconf 83' lang='lat' dir='ltr'>posuisse</span> <span class='ocrx_word' id='word_1_250' title='bbox 1285 2999 1364 3048; x_wconf 91' lang='lat' dir='ltr'>uide-</span> 
     </span>
     <span class='ocr_line' id='line_1_30' title="bbox 278 3061 1365 3130; baseline 0.004 -18"><span class='ocrx_word' id='word_1_251' title='bbox 278 3067 330 3113; x_wconf 89' lang='lat' dir='ltr'>tur.</span> <span class='ocrx_word' id='word_1_252' title='bbox 347 3061 357 3128; x_wconf 85' lang='grc' dir='ltr'>ΙΙ</span> <span class='ocrx_word' id='word_1_253' title='bbox 370 3068 382 3112; x_wconf 82' lang='grc'><strong>7</strong></span> <span class='ocrx_word' id='word_1_254' title='bbox 393 3078 459 3126; x_wconf 80' lang='lat' dir='ltr'>seqq.</span> <span class='ocrx_word' id='word_1_255' title='bbox 473 3065 503 3112; x_wconf 84' lang='lat' dir='ltr'>In</span> <span class='ocrx_word' id='word_1_256' title='bbox 513 3068 619 3128; x_wconf 75' lang='lat' dir='ltr'>popinis</span> <span class='ocrx_word' id='word_1_257' title='bbox 632 3067 725 3116; x_wconf 83' lang='lat' dir='ltr'>codicis</span> <span class='ocrx_word' id='word_1_258' title='bbox 741 3066 821 3119; x_wconf 79' lang='grc'><strong>0266</strong></span> <span class='ocrx_word' id='word_1_259' title='bbox 835 3072 858 3116; x_wconf 88' lang='grc'>36</span> <span class='ocrx_word' id='word_1_260' title='bbox 869 3071 918 3119; x_wconf 69' lang='lat' dir='ltr'>hii</span> <span class='ocrx_word' id='word_1_261' title='bbox 933 3069 963 3116; x_wconf 96' lang='grc'>63</span> <span class='ocrx_word' id='word_1_262' title='bbox 974 3069 1007 3116; x_wconf 91' lang='lat' dir='ltr'>iis</span> <span class='ocrx_word' id='word_1_263' title='bbox 1018 3068 1130 3128; x_wconf 83' lang='lat' dir='ltr'>fortasse</span> <span class='ocrx_word' id='word_1_264' title='bbox 1143 3069 1280 3130; x_wconf 79' lang='grc'><strong>33363633,</strong></span> <span class='ocrx_word' id='word_1_265' title='bbox 1301 3080 1365 3129; x_wconf 79' lang='lat' dir='ltr'>puae</span> 
     </span>
     <span class='ocr_line' id='line_1_31' title="bbox 277 3133 1364 3199; baseline 0.003 -18"><span class='ocrx_word' id='word_1_266' title='bbox 277 3135 306 3181; x_wconf 92' lang='lat' dir='ltr'>in</span> <span class='ocrx_word' id='word_1_267' title='bbox 325 3133 386 3183; x_wconf 85' lang='lat' dir='ltr'>inst.</span> <span class='ocrx_word' id='word_1_268' title='bbox 405 3135 527 3196; x_wconf 65' lang='lat' dir='ltr'>teruntur</span> <span class='ocrx_word' id='word_1_269' title='bbox 545 3139 569 3192; x_wconf 96' lang='grc'>6,</span> <span class='ocrx_word' id='word_1_270' title='bbox 586 3140 609 3196; x_wconf 96' lang='grc'>6,</span> <span class='ocrx_word' id='word_1_271' title='bbox 624 3139 742 3195; x_wconf 74' lang='grc'><strong>66-66,</strong></span> <span class='ocrx_word' id='word_1_272' title='bbox 766 3136 856 3185; x_wconf 78' lang='lat' dir='ltr'>deiude</span> <span class='ocrx_word' id='word_1_273' title='bbox 880 3137 936 3196; x_wconf 87' lang='lat' dir='ltr'>(sub</span> <span class='ocrx_word' id='word_1_274' title='bbox 958 3138 1036 3199; x_wconf 69' lang='lat' dir='ltr'>tinem</span> <span class='ocrx_word' id='word_1_275' title='bbox 1051 3139 1165 3199; x_wconf 72' lang='lat' dir='ltr'>popinae</span> <span class='ocrx_word' id='word_1_276' title='bbox 1182 3138 1243 3196; x_wconf 74' lang='grc'><strong>266)</strong></span> <span class='ocrx_word' id='word_1_277' title='bbox 1270 3138 1364 3199; x_wconf 77' lang='lat' dir='ltr'>incepit</span> 
     </span>
     <span class='ocr_line' id='line_1_32' title="bbox 277 3203 1364 3268; baseline 0.001 -17"><span class='ocrx_word' id='word_1_278' title='bbox 277 3206 405 3252; x_wconf 88' lang='lat' dir='ltr'>tractatus</span> <span class='ocrx_word' id='word_1_279' title='bbox 428 3204 458 3251; x_wconf 89' lang='grc'>63</span> <span class='ocrx_word' id='word_1_280' title='bbox 483 3205 679 3262; x_wconf 85' lang='lat' dir='ltr'>conpensatione</span> <span class='ocrx_word' id='word_1_281' title='bbox 698 3203 774 3265; x_wconf 78' lang='lat' dir='ltr'>(eous.</span> <span class='ocrx_word' id='word_1_282' title='bbox 797 3204 859 3253; x_wconf 86' lang='lat' dir='ltr'>inst.</span> <span class='ocrx_word' id='word_1_283' title='bbox 881 3209 905 3264; x_wconf 88' lang='grc'>6,</span> <span class='ocrx_word' id='word_1_284' title='bbox 926 3210 949 3263; x_wconf 93' lang='grc'>6,</span> <span class='ocrx_word' id='word_1_285' title='bbox 969 3205 1024 3264; x_wconf 79' lang='grc'><strong>36),</strong></span> <span class='ocrx_word' id='word_1_286' title='bbox 1046 3206 1075 3253; x_wconf 89' lang='grc'>63</span> <span class='ocrx_word' id='word_1_287' title='bbox 1093 3219 1144 3266; x_wconf 81' lang='lat' dir='ltr'>qua</span> <span class='ocrx_word' id='word_1_288' title='bbox 1162 3206 1225 3254; x_wconf 90' lang='lat' dir='ltr'>haee</span> <span class='ocrx_word' id='word_1_289' title='bbox 1243 3206 1364 3268; x_wconf 67' lang='lat' dir='ltr'>tenuntur</span> 
     </span>
     <span class='ocr_line' id='line_1_33' title="bbox 277 3271 1364 3337; baseline 0.002 -18"><span class='ocrx_word' id='word_1_290' title='bbox 277 3273 305 3319; x_wconf 91' lang='lat' dir='ltr'>in</span> <span class='ocrx_word' id='word_1_291' title='bbox 323 3272 384 3321; x_wconf 82' lang='lat' dir='ltr'>inst.</span> <span class='ocrx_word' id='word_1_292' title='bbox 405 3272 440 3332; x_wconf 87' lang='grc'>(6,</span> <span class='ocrx_word' id='word_1_293' title='bbox 457 3277 480 3330; x_wconf 89' lang='grc'>6,</span> <span class='ocrx_word' id='word_1_294' title='bbox 494 3272 556 3332; x_wconf 71' lang='lat' dir='ltr'>toi:</span> <span class='ocrx_word' id='word_1_295' title='bbox 582 3271 611 3320; x_wconf 97' lang='grc'>13</span> <span class='ocrx_word' id='word_1_296' title='bbox 630 3271 717 3322; x_wconf 85' lang='grc'><strong>33333</strong></span> <span class='ocrx_word' id='word_1_297' title='bbox 740 3271 802 3321; x_wconf 89' lang='grc'><strong>6636</strong></span> <span class='ocrx_word' id='word_1_298' title='bbox 821 3275 911 3321; x_wconf 91' lang='lat' dir='ltr'>autem</span> <span class='ocrx_word' id='word_1_299' title='bbox 930 3272 1039 3322; x_wconf 87' lang='lat' dir='ltr'>iudiciis</span> <span class='ocrx_word' id='word_1_300' title='bbox 1058 3273 1141 3322; x_wconf 89' lang='lat' dir='ltr'>libera</span> <span class='ocrx_word' id='word_1_301' title='bbox 1162 3277 1283 3336; x_wconf 85' lang='lat' dir='ltr'>potestas</span> <span class='ocrx_word' id='word_1_302' title='bbox 1301 3286 1364 3337; x_wconf 89' lang='lat' dir='ltr'>per-</span> 
     </span>
     <span class='ocr_line' id='line_1_34' title="bbox 277 3339 1363 3405; baseline 0.002 -17"><span class='ocrx_word' id='word_1_303' title='bbox 277 3341 347 3389; x_wconf 90' lang='lat' dir='ltr'>mitti</span> <span class='ocrx_word' id='word_1_304' title='bbox 366 3340 477 3390; x_wconf 84' lang='grc'><strong>3663633</strong></span> <span class='ocrx_word' id='word_1_305' title='bbox 495 3339 580 3389; x_wconf 83' lang='grc'><strong>636636</strong></span> <span class='ocrx_word' id='word_1_306' title='bbox 602 3353 636 3389; x_wconf 78' lang='lat' dir='ltr'>ex</span> <span class='ocrx_word' id='word_1_307' title='bbox 660 3339 731 3389; x_wconf 92' lang='lat' dir='ltr'>bono</span> <span class='ocrx_word' id='word_1_308' title='bbox 756 3344 783 3389; x_wconf 93' lang='grc'>36</span> <span class='ocrx_word' id='word_1_309' title='bbox 806 3354 891 3404; x_wconf 87' lang='lat' dir='ltr'>aequo</span> <span class='ocrx_word' id='word_1_310' title='bbox 917 3342 1093 3401; x_wconf 87' lang='lat' dir='ltr'>aestimandi,</span> <span class='ocrx_word' id='word_1_311' title='bbox 1119 3345 1253 3405; x_wconf 91' lang='lat' dir='ltr'>quantum</span> <span class='ocrx_word' id='word_1_312' title='bbox 1279 3344 1363 3392; x_wconf 89' lang='grc'><strong>336336</strong></span> 
     </span>
     <span class='ocr_line' id='line_1_35' title="bbox 277 3408 1363 3474; baseline 0.002 -16"><span class='ocrx_word' id='word_1_313' title='bbox 277 3409 381 3459; x_wconf 91' lang='lat' dir='ltr'>restitui</span> <span class='ocrx_word' id='word_1_314' title='bbox 401 3408 507 3459; x_wconf 91' lang='lat' dir='ltr'>debeat.</span> <span class='ocrx_word' id='word_1_315' title='bbox 540 3408 566 3457; x_wconf 92' lang='lat' dir='ltr'>in</span> <span class='ocrx_word' id='word_1_316' title='bbox 586 3422 640 3472; x_wconf 90' lang='lat' dir='ltr'>quo</span> <span class='ocrx_word' id='word_1_317' title='bbox 659 3412 685 3458; x_wconf 87' lang='grc'>36</span> <span class='ocrx_word' id='word_1_318' title='bbox 703 3409 769 3458; x_wconf 89' lang='grc'><strong>61136</strong></span> <span class='ocrx_word' id='word_1_319' title='bbox 789 3411 955 3472; x_wconf 88' lang='lat' dir='ltr'>continetur,</span> <span class='ocrx_word' id='word_1_320' title='bbox 976 3415 1006 3460; x_wconf 90' lang='lat' dir='ltr'>ut</span> <span class='ocrx_word' id='word_1_321' title='bbox 1024 3412 1047 3460; x_wconf 92' lang='lat' dir='ltr'>si</span> <span class='ocrx_word' id='word_1_322' title='bbox 1065 3411 1131 3474; x_wconf 89' lang='lat' dir='ltr'>quid</span> <span class='ocrx_word' id='word_1_323' title='bbox 1150 3411 1271 3460; x_wconf 88' lang='lat' dir='ltr'>inuicem</span> <span class='ocrx_word' id='word_1_324' title='bbox 1289 3415 1363 3460; x_wconf 91' lang='lat' dir='ltr'>acto-</span> 
     </span>
     <span class='ocr_line' id='line_1_36' title="bbox 277 3479 1362 3543; baseline 0.002 -17"><span class='ocrx_word' id='word_1_325' title='bbox 277 3492 335 3528; x_wconf 93' lang='lat' dir='ltr'>rem</span> <span class='ocrx_word' id='word_1_326' title='bbox 353 3481 489 3542; x_wconf 85' lang='lat' dir='ltr'>praestare</span> <span class='ocrx_word' id='word_1_327' title='bbox 508 3479 639 3540; x_wconf 91' lang='lat' dir='ltr'>oporteat,</span> <span class='ocrx_word' id='word_1_328' title='bbox 660 3491 691 3526; x_wconf 93' lang='lat' dir='ltr'>eo</span> <span class='ocrx_word' id='word_1_329' title='bbox 711 3482 886 3542; x_wconf 88' lang='lat' dir='ltr'>compensato</span> <span class='ocrx_word' id='word_1_330' title='bbox 899 3480 926 3528; x_wconf 92' lang='lat' dir='ltr'>iu</span> <span class='ocrx_word' id='word_1_331' title='bbox 940 3480 1077 3542; x_wconf 90' lang='lat' dir='ltr'>reliquum</span> <span class='ocrx_word' id='word_1_332' title='bbox 1090 3480 1113 3529; x_wconf 90' lang='lat' dir='ltr'>is</span> <span class='ocrx_word' id='word_1_333' title='bbox 1127 3492 1189 3528; x_wconf 90' lang='lat' dir='ltr'>cum</span> <span class='ocrx_word' id='word_1_334' title='bbox 1203 3494 1258 3543; x_wconf 87' lang='lat' dir='ltr'>quo</span> <span class='ocrx_word' id='word_1_335' title='bbox 1271 3483 1362 3530; x_wconf 87' lang='lat' dir='ltr'>actum</span> 
     </span>
     <span class='ocr_line' id='line_1_37' title="bbox 276 3542 1363 3611; baseline 0.001 -15"><span class='ocrx_word' id='word_1_336' title='bbox 276 3549 327 3607; x_wconf 88' lang='lat' dir='ltr'>est,</span> <span class='ocrx_word' id='word_1_337' title='bbox 342 3547 518 3596; x_wconf 88' lang='lat' dir='ltr'>condemnari</span> <span class='ocrx_word' id='word_1_338' title='bbox 532 3545 639 3596; x_wconf 90' lang='lat' dir='ltr'>debeat.</span> <span class='ocrx_word' id='word_1_339' title='bbox 657 3542 668 3611; x_wconf 84' lang='grc' dir='ltr'>ΙΙ</span> <span class='ocrx_word' id='word_1_340' title='bbox 686 3550 711 3594; x_wconf 93' lang='grc'>66</span> <span class='ocrx_word' id='word_1_341' title='bbox 736 3546 919 3597; x_wconf 87' lang='lat' dir='ltr'>condemnare</span> <span class='ocrx_word' id='word_1_342' title='bbox 934 3546 961 3606; x_wconf 85' lang='lat' dir='ltr'>C,</span> <span class='ocrx_word' id='word_1_343' title='bbox 983 3548 1177 3598; x_wconf 87' lang='lat' dir='ltr'>condemnaret</span> <span class='ocrx_word' id='word_1_344' title='bbox 1191 3548 1363 3611; x_wconf 90' lang='lat' dir='ltr'>(condemnat</span> 
     </span>
     <span class='ocr_line' id='line_1_38' title="bbox 276 3615 1363 3679; baseline 0 -14"><span class='ocrx_word' id='word_1_345' title='bbox 276 3618 374 3665; x_wconf 88' lang='lat' dir='ltr'>eodices</span> <span class='ocrx_word' id='word_1_346' title='bbox 387 3615 579 3665; x_wconf 84' lang='lat' dir='ltr'>institutionum</span> <span class='ocrx_word' id='word_1_347' title='bbox 596 3615 743 3675; x_wconf 85' lang='lat' dir='ltr'>deteriores)</span> <span class='ocrx_word' id='word_1_348' title='bbox 759 3616 822 3665; x_wconf 88' lang='lat' dir='ltr'>inst.</span> <span class='ocrx_word' id='word_1_349' title='bbox 837 3619 861 3677; x_wconf 89' lang='grc'>6,</span> <span class='ocrx_word' id='word_1_350' title='bbox 878 3621 902 3678; x_wconf 89' lang='grc'>6,</span> <span class='ocrx_word' id='word_1_351' title='bbox 916 3621 960 3679; x_wconf 80' lang='grc'>69,</span> <span class='ocrx_word' id='word_1_352' title='bbox 981 3616 1157 3667; x_wconf 89' lang='lat' dir='ltr'>condemnari</span> <span class='ocrx_word' id='word_1_353' title='bbox 1176 3617 1277 3668; x_wconf 90' lang='lat' dir='ltr'>debeat</span> <span class='ocrx_word' id='word_1_354' title='bbox 1289 3619 1363 3679; x_wconf 80' lang='lat' dir='ltr'>(etin</span> 
     </span>
     <span class='ocr_line' id='line_1_39' title="bbox 273 3684 1363 3745; baseline 0.003 -13"><span class='ocrx_word' id='word_1_355' title='bbox 273 3685 486 3743; x_wconf 80' lang='lat' dir='ltr'>praecedentibus</span> <span class='ocrx_word' id='word_1_356' title='bbox 505 3685 527 3733; x_wconf 88' lang='lat' dir='ltr'>is</span> <span class='ocrx_word' id='word_1_357' title='bbox 549 3696 600 3745; x_wconf 85' lang='lat' dir='ltr'>pro</span> <span class='ocrx_word' id='word_1_358' title='bbox 619 3684 694 3744; x_wconf 87' lang='lat' dir='ltr'>eum)</span> <span class='ocrx_word' id='word_1_359' title='bbox 713 3684 775 3734; x_wconf 83' lang='lat' dir='ltr'>inst.</span> <span class='ocrx_word' id='word_1_360' title='bbox 791 3690 816 3744; x_wconf 93' lang='grc'>6,</span> <span class='ocrx_word' id='word_1_361' title='bbox 833 3690 856 3745; x_wconf 94' lang='grc'>6,</span> <span class='ocrx_word' id='word_1_362' title='bbox 870 3688 921 3744; x_wconf 75' lang='grc'>66,</span> <span class='ocrx_word' id='word_1_363' title='bbox 946 3687 1118 3735; x_wconf 79' lang='lat' dir='ltr'>anacoluthon</span> <span class='ocrx_word' id='word_1_364' title='bbox 1136 3687 1262 3735; x_wconf 85' lang='lat' dir='ltr'>traditum</span> <span class='ocrx_word' id='word_1_365' title='bbox 1278 3689 1363 3735; x_wconf 86' lang='lat' dir='ltr'>uariis</span> 
     </span>
     <span class='ocr_line' id='line_1_40' title="bbox 275 3749 1363 3817; baseline 0.003 -17"><span class='ocrx_word' id='word_1_366' title='bbox 275 3753 357 3801; x_wconf 88' lang='lat' dir='ltr'>modis</span> <span class='ocrx_word' id='word_1_367' title='bbox 375 3765 509 3801; x_wconf 91' lang='lat' dir='ltr'>remouere</span> <span class='ocrx_word' id='word_1_368' title='bbox 524 3754 609 3812; x_wconf 80' lang='lat' dir='ltr'>possis</span> <span class='ocrx_word' id='word_1_369' title='bbox 631 3749 642 3817; x_wconf 76' lang='grc' dir='ltr'>ΙΙ</span> <span class='ocrx_word' id='word_1_370' title='bbox 665 3756 763 3800; x_wconf 82' lang='grc'><strong>63-66</strong></span> <span class='ocrx_word' id='word_1_371' title='bbox 784 3753 851 3815; x_wconf 74' lang='lat' dir='ltr'>conf.</span> <span class='ocrx_word' id='word_1_372' title='bbox 875 3754 917 3803; x_wconf 73' lang='lat'>0²⁸</span> <span class='ocrx_word' id='word_1_373' title='bbox 935 3755 945 3816; x_wconf 84' lang='grc'>11</span> <span class='ocrx_word' id='word_1_374' title='bbox 967 3757 1065 3803; x_wconf 82' lang='grc'><strong>63-66</strong></span> <span class='ocrx_word' id='word_1_375' title='bbox 1090 3756 1172 3804; x_wconf 85' lang='lat' dir='ltr'>uerba</span> <span class='ocrx_word' id='word_1_376' title='bbox 1197 3755 1363 3804; x_wconf 87' lang='lat' dir='ltr'>mandati-</span> 
     </span>
     <span class='ocr_line' id='line_1_41' title="bbox 276 3820 1360 3889; baseline 0.005 -21"><span class='ocrx_word' id='word_1_377' title='bbox 276 3821 387 3869; x_wconf 83' lang='lat' dir='ltr'>uxoriae</span> <span class='ocrx_word' id='word_1_378' title='bbox 403 3824 432 3870; x_wconf 94' lang='lat' dir='ltr'>in</span> <span class='ocrx_word' id='word_1_379' title='bbox 448 3821 482 3871; x_wconf 66' lang='grc' dir='ltr'>ΟΠ</span> <span class='ocrx_word' id='word_1_380' title='bbox 491 3834 541 3881; x_wconf 83' lang='lat' dir='ltr'>per</span> <span class='ocrx_word' id='word_1_381' title='bbox 557 3834 672 3870; x_wconf 85' lang='lat' dir='ltr'>errorem</span> <span class='ocrx_word' id='word_1_382' title='bbox 685 3823 723 3871; x_wconf 86' lang='lat' dir='ltr'>his</span> <span class='ocrx_word' id='word_1_383' title='bbox 735 3824 832 3883; x_wconf 83' lang='lat' dir='ltr'>scripta</span> <span class='ocrx_word' id='word_1_384' title='bbox 844 3828 904 3872; x_wconf 86' lang='lat' dir='ltr'>sunt</span> <span class='ocrx_word' id='word_1_385' title='bbox 922 3821 932 3889; x_wconf 85' lang='grc' dir='ltr'>ΙΙ</span> <span class='ocrx_word' id='word_1_386' title='bbox 950 3825 1048 3871; x_wconf 84' lang='grc'><strong>66-65</strong></span> <span class='ocrx_word' id='word_1_387' title='bbox 1069 3820 1102 3889; x_wconf 90' lang='grc'>()</span> <span class='ocrx_word' id='word_1_388' title='bbox 1121 3824 1238 3873; x_wconf 87' lang='lat' dir='ltr'>additum</span> <span class='ocrx_word' id='word_1_389' title='bbox 1250 3837 1285 3873; x_wconf 88' lang='grc'>33</span> <span class='ocrx_word' id='word_1_390' title='bbox 1298 3824 1360 3873; x_wconf 85' lang='lat' dir='ltr'>Inst.</span> 
     </span>
     <span class='ocr_line' id='line_1_42' title="bbox 276 3884 1358 3955; baseline 0.005 -20"><span class='ocrx_word' id='word_1_391' title='bbox 276 3889 339 3936; x_wconf 88' lang='lat' dir='ltr'>duce</span> <span class='ocrx_word' id='word_1_392' title='bbox 358 3902 391 3937; x_wconf 86' lang='grc'>33</span> <span class='ocrx_word' id='word_1_393' title='bbox 406 3895 484 3949; x_wconf 81' lang='lat' dir='ltr'>parte</span> <span class='ocrx_word' id='word_1_394' title='bbox 503 3890 631 3939; x_wconf 86' lang='lat' dir='ltr'>Husehhio</span> <span class='ocrx_word' id='word_1_395' title='bbox 653 3884 663 3954; x_wconf 90' lang='grc' dir='ltr'>ΙΙ</span> <span class='ocrx_word' id='word_1_396' title='bbox 688 3894 717 3938; x_wconf 82' lang='grc'>67</span> <span class='ocrx_word' id='word_1_397' title='bbox 737 3891 830 3941; x_wconf 84' lang='grc'><strong>333363</strong></span> <span class='ocrx_word' id='word_1_398' title='bbox 852 3891 990 3951; x_wconf 86' lang='lat' dir='ltr'>Goesehen,</span> <span class='ocrx_word' id='word_1_399' title='bbox 1012 3892 1088 3942; x_wconf 88' lang='lat' dir='ltr'>uehis</span> <span class='ocrx_word' id='word_1_400' title='bbox 1110 3892 1136 3950; x_wconf 84' lang='lat' dir='ltr'>C,</span> <span class='ocrx_word' id='word_1_401' title='bbox 1159 3892 1228 3954; x_wconf 78' lang='lat' dir='ltr'>cons.</span> <span class='ocrx_word' id='word_1_402' title='bbox 1251 3891 1283 3941; x_wconf 69' lang='lat'>0³</span> <span class='ocrx_word' id='word_1_403' title='bbox 1297 3905 1358 3955; x_wconf 82' lang='grc'><strong>333.</strong></span> 
     </span>
     <span class='ocr_line' id='line_1_43' title="bbox 274 3954 1361 4026; baseline 0.003 -20"><span class='ocrx_word' id='word_1_404' title='bbox 274 3958 405 4006; x_wconf 62' lang='lat' dir='ltr'>cosmed.</span> <span class='ocrx_word' id='word_1_405' title='bbox 431 3954 441 4021; x_wconf 72' lang='lat' dir='ltr'>it</span> <span class='ocrx_word' id='word_1_406' title='bbox 464 3960 493 4005; x_wconf 88' lang='grc'>68</span> <span class='ocrx_word' id='word_1_407' title='bbox 513 3958 574 4008; x_wconf 90' lang='grc'><strong>6633</strong></span> <span class='ocrx_word' id='word_1_408' title='bbox 594 3958 756 4022; x_wconf 80' lang='lat' dir='ltr'>Lachmann,</span> <span class='ocrx_word' id='word_1_409' title='bbox 778 3961 806 4010; x_wconf 92' lang='lat' dir='ltr'>id</span> <span class='ocrx_word' id='word_1_410' title='bbox 827 3959 847 4010; x_wconf 80' lang='grc'>6</span> <span class='ocrx_word' id='word_1_411' title='bbox 866 3958 877 4026; x_wconf 87' lang='grc' dir='ltr'>ΙΙ</span> <span class='ocrx_word' id='word_1_412' title='bbox 901 3964 932 4009; x_wconf 74' lang='grc'>66</span> <span class='ocrx_word' id='word_1_413' title='bbox 955 3961 993 4023; x_wconf 83' lang='grc'>36]</span> <span class='ocrx_word' id='word_1_414' title='bbox 1015 3963 1045 4010; x_wconf 89' lang='grc'>36</span> <span class='ocrx_word' id='word_1_415' title='bbox 1064 3962 1153 4024; x_wconf 83' lang='lat' dir='ltr'>itaque</span> <span class='ocrx_word' id='word_1_416' title='bbox 1175 3960 1203 4020; x_wconf 84' lang='lat' dir='ltr'>G,</span> <span class='ocrx_word' id='word_1_417' title='bbox 1222 3963 1361 4012; x_wconf 89' lang='lat' dir='ltr'>utstatim</span> 
     </span>
     <span class='ocr_line' id='line_1_44' title="bbox 276 4018 1362 4094; baseline 0.006 -22"><span class='ocrx_word' id='word_1_418' title='bbox 276 4024 393 4074; x_wconf 86' lang='lat' dir='ltr'>Huschhe</span> <span class='ocrx_word' id='word_1_419' title='bbox 410 4018 421 4089; x_wconf 78' lang='grc' dir='ltr'>ΙΙ</span> <span class='ocrx_word' id='word_1_420' title='bbox 438 4029 469 4073; x_wconf 77' lang='lat'>23</span> <span class='ocrx_word' id='word_1_421' title='bbox 483 4026 542 4075; x_wconf 86' lang='lat' dir='ltr'>dari</span> <span class='ocrx_word' id='word_1_422' title='bbox 558 4026 696 4087; x_wconf 86' lang='lat' dir='ltr'>Goesehen,</span> <span class='ocrx_word' id='word_1_423' title='bbox 716 4028 780 4078; x_wconf 89' lang='grc'><strong>6333</strong></span> <span class='ocrx_word' id='word_1_424' title='bbox 795 4028 822 4090; x_wconf 80' lang='lat' dir='ltr'>C,</span> <span class='ocrx_word' id='word_1_425' title='bbox 844 4030 911 4092; x_wconf 80' lang='lat' dir='ltr'>eon-f.</span> <span class='ocrx_word' id='word_1_426' title='bbox 930 4029 961 4080; x_wconf 75' lang='lat'>0³</span> <span class='ocrx_word' id='word_1_427' title='bbox 970 4041 1032 4093; x_wconf 76' lang='grc'><strong>333.</strong></span> <span class='ocrx_word' id='word_1_428' title='bbox 1045 4034 1096 4083; x_wconf 74' lang='lat' dir='ltr'>eet</span> <span class='ocrx_word' id='word_1_429' title='bbox 1108 4043 1178 4079; x_wconf 88' lang='lat' dir='ltr'>ners.</span> <span class='ocrx_word' id='word_1_430' title='bbox 1195 4025 1362 4094; x_wconf 72' lang='grc'><strong>6611333633-</strong></span> 
     </span>
     <span class='ocr_line' id='line_1_45' title="bbox 276 4092 986 4160; baseline 0.004 -18"><span class='ocrx_word' id='word_1_431' title='bbox 276 4094 344 4143; x_wconf 90' lang='lat' dir='ltr'>tium</span> <span class='ocrx_word' id='word_1_432' title='bbox 366 4092 504 4153; x_wconf 87' lang='lat' dir='ltr'>Goesehen,</span> <span class='ocrx_word' id='word_1_433' title='bbox 523 4097 565 4145; x_wconf 76' lang='lat' dir='ltr'>sc</span> <span class='ocrx_word' id='word_1_434' title='bbox 586 4094 627 4155; x_wconf 73' lang='lat' dir='ltr'>Cn,</span> <span class='ocrx_word' id='word_1_435' title='bbox 650 4097 714 4159; x_wconf 77' lang='lat' dir='ltr'>conf.</span> <span class='ocrx_word' id='word_1_436' title='bbox 735 4097 766 4147; x_wconf 67' lang='grc' dir='ltr'>6ι</span> <span class='ocrx_word' id='word_1_437' title='bbox 781 4110 843 4160; x_wconf 75' lang='lat' dir='ltr'>pap.</span> <span class='ocrx_word' id='word_1_438' title='bbox 857 4103 909 4148; x_wconf 78' lang='grc'>663</span> <span class='ocrx_word' id='word_1_439' title='bbox 921 4099 986 4146; x_wconf 85' lang='lat' dir='ltr'>med.</span> 
     </span>
    </p>
   </div>
   <div class='ocr_carea' id='block_1_8' title="bbox 0 0 1456 4830">
    <p class='ocr_par' dir='ltr' id='par_1_8' title="bbox 0 0 1456 4830">
     <span class='ocr_line' id='line_1_46' title="bbox 0 0 1456 4830; baseline 0 2"><span class='ocrx_word' id='word_1_440' title='bbox 0 0 1456 4830; x_wconf 95' lang='lat' dir='ltr'> </span> 
     </span>
    </p>
   </div>
  </div>
 </body>
</html>
