2902 4830
195 301 230 350 111
249 298 410 364 §toa-rot
578 333 664 344 --
710 300 769 361 144
815 332 901 343 .-

114 491 174 551 482
286 490 494 550 Transeamus
516 507 601 549 nuno
623 486 663 549 ad
686 487 893 568 obligationes
916 507 999 567 quae
1022 506 1063 548 ex
1084 486 1201 548 delicto
1224 506 1284 548 na-

198 583 340 652 scuntur,
368 574 470 636 ueluti
494 576 520 635 si
544 574 617 654 quis
639 572 758 635 furtum
774 574 895 651 lecerit,
921 573 1001 634 bona
1018 575 1171 653 rapuerit,
1192 571 1282 634 dam-

198 680 275 721 num
299 659 434 738 dederit,
460 660 611 721 iniuriam
627 660 833 736 commiserit3
861 677 995 738 quarum
1017 660 1158 720 omnium
1174 678 1281 720 rerum

198 765 262 808 uno
279 765 395 824 genere
412 746 555 807 consistit
571 745 731 825 obligatio,
751 765 821 807 cum
839 764 879 805 ex
895 754 1056 806 contractu
1072 745 1282 824 obligationes

198 833 231 892 io
253 834 301 893 ῑιῆ
324 850 439 912 genera
462 830 665 909 diducantur,
693 831 776 893 sieut
799 850 897 910 supra
920 833 1138 910 exposuimus.
1300 851 1314 896 5

114 920 172 979 l83
282 921 449 978 Furtorum
473 927 579 979 autem
602 936 719 998 genera
734 919 803 978 Ser.
821 917 984 996 Sulpicius
1005 926 1036 977 et
1050 917 1210 978 Masurius
1227 918 1282 978 Sa-

198 1002 294 1065 binus
318 1006 364 1065 4ῖ44
394 1022 463 1064 csse
493 1003 661 1082 dixerunt,
695 1003 899 1065 manifestum
929 1011 962 1064 et
982 1021 1042 1064 nec
1064 1002 1280 1078 manifestum,

198 1099 385 1170 conceptum
415 1100 446 1151 et
472 1088 627 1166 oblatum3
661 1089 761 1151 Labeo
789 1088 868 1166 duo,
900 1088 1103 1150 manifestum
1135 1083 1196 1175 (et)
1226 1107 1285 1150 neo

197 1176 419 1253 manifestum
453 1195 526 1237 nam
557 1185 743 1254 conceptum
777 1183 810 1236 et
843 1174 982 1235 oblatum
1017 1176 1143 1255 species
1177 1177 1284 1256 potius

198 1263 329 1324 actionis
345 1280 416 1323 csse
432 1261 515 1322 furto
532 1262 738 1323 cohaerentes
755 1280 849 1341 quam
866 1279 981 1340 genera
998 1260 1169 1332 furtorum3
1198 1260 1283 1342 quod
1301 1280 1328 1324 44

114 1349 172 1409 484
198 1367 274 1410 sane
297 1349 407 1410 uerius
429 1346 569 1424 uidetur,
596 1349 680 1408 sicut
701 1347 835 1408 inferius
858 1345 1032 1426 apparebit.
1080 1346 1283 1428 Montfestum

199 1435 322 1496 lurtum
345 1433 475 1515 quidam
499 1432 531 1494 id
555 1452 624 1495 esse
648 1432 810 1510 dixerunt,
838 1433 923 1512 quod
939 1431 1015 1493 dum
1030 1432 1075 1510 fit,
1102 1432 1284 1513 depreben-

199 1519 299 1581 ditur.
338 1520 390 1580 alli
406 1539 482 1580 uero
505 1519 653 1595 ulterius,
680 1517 765 1597 quod
788 1538 823 1579 eo
847 1521 913 1579 loco
936 1518 1201 1597 deprehenditur,
1226 1519 1283 1580 ubi

197 1606 242 1684 fit,
268 1606 370 1667 ueluti
393 1607 420 1667 si
444 1606 477 1665 in
500 1605 615 1666 eliceto
638 1605 804 1683 olioarum,
830 1605 864 1664 in
886 1603 994 1665 uineto
1010 1623 1147 1666 uuarum
1165 1605 1283 1666 lurtum

197 1691 315 1753 lactum
339 1700 397 1769 est,
425 1690 579 1771 quamdiu
603 1692 634 1751 in
658 1710 694 1751 eo
717 1691 833 1752 oliueto
857 1701 912 1752 aut
932 1691 1041 1751 uincto
1065 1690 1120 1751 lur
1142 1693 1200 1766 sit;
1232 1698 1285 1752 aot
1300 1711 1327 1756 ts

198 1778 225 1838 si
248 1778 281 1838 in
306 1776 397 1838 domo
420 1775 540 1838 furtum
564 1775 681 1837 factum
704 1777 762 1853 sit,
796 1775 949 1856 quamdiu
978 1777 1011 1836 in
1044 1795 1080 1837 ea
1109 1776 1202 1838 domo
1233 1777 1284 1838 fur

198 1863 249 1924 sit.
290 1863 343 1924 alii
366 1861 470 1923 adhuc
492 1863 628 1923 ulterius
660 1881 696 1922 eo
718 1881 818 1942 usque
841 1861 1043 1924 manifestum
1067 1862 1190 1924 lurtum
1213 1881 1282 1924 esse

197 1947 360 2025 dixerunt,
386 1947 486 2008 donec
508 1947 663 2026 perferret
686 1967 721 2008 eo
745 1967 807 2027 quo
831 1947 972 2028 perferre
995 1948 1047 2008 fur
1075 1947 1280 2010 destinasset.

197 2033 250 2094 alii
275 2033 380 2096 adhuc
402 2034 552 2111 ulterius,
585 2032 775 2113 quandoque
800 2054 869 2096 eam
892 2053 965 2095 rem
981 2033 1032 2095 fur
1054 2041 1170 2096 tenens
1192 2035 1283 2096 uisus

199 2118 310 2195 luerit;
338 2137 420 2198 quae
443 2121 601 2180 sententia
624 2138 688 2180 non
711 2121 859 2198 optinuit.
893 2119 949 2181 sed
964 2128 995 2180 et
1009 2121 1135 2181 illorum
1153 2130 1284 2182 senten·
1299 2140 1326 2184 44

198 2206 242 2266 tia
265 2207 322 2285 qui
345 2205 621 2284 existimauerunt,
655 2205 756 2266 donec
777 2206 934 2285 perferret
965 2225 1000 2266 eo
1024 2224 1086 2285 quo
1110 2205 1163 2267 lur
1185 2205 1284 2269 desti-

198 2301 320 2370 nasset,
356 2291 591 2371 deprehensum
622 2291 742 2352 lurtum
770 2292 972 2353 manifestum
999 2310 1084 2369 esse,
1119 2292 1192 2354 ideo
1220 2311 1283 2353 non

197 2377 329 2440 uidetur
343 2377 483 2458 probari,
503 2379 581 2457 quio
596 2396 742 2456 magnam
757 2377 872 2457 recipit
889 2377 1127 2454 dubitationem,
1155 2387 1262 2440 utrum
1275 2374 1284 2461 ll

197 2465 292 2524 unius
315 2464 379 2524 diei
402 2483 441 2524 an
465 2465 559 2524 etiam
579 2465 720 2542 plurium
737 2463 862 2524 dierum
879 2465 981 2543 spatio
997 2463 1029 2525 id
1044 2464 1281 2526 terminandum
1289 2481 1363 2545 pgut

199 2550 250 2611 sit.
289 2550 374 2629 quod
396 2570 432 2611 eo
455 2550 604 2629 pertinet,
631 2550 707 2628 quia
730 2568 825 2629 saepe
848 2551 880 2610 in
905 2549 976 2611 aliis
999 2550 1187 2612 ciuitatibus
1210 2549 1283 2612 sub-
1299 2570 1324 2615 44

197 2645 307 2715 reptos
330 2637 436 2696 resin
460 2637 539 2697 alias
562 2635 707 2696 ciuitates
729 2635 783 2696 uel
805 2634 838 2695 in
862 2636 940 2697 alias
968 2636 1152 2715 prouincias
1184 2635 1283 2698 desti-

198 2731 276 2782 nant
292 2720 375 2782 fures
390 2720 541 2801 perlerre.
568 2740 608 2781 ex
624 2719 749 2782 duabus
765 2722 872 2800 itaque
889 2721 1106 2801 superioribus
1121 2722 1283 2802 opinioni-

197 2807 259 2867 bus
276 2808 426 2868 alterutra
442 2806 655 2886 adprobatur,
679 2809 778 2886 magis
794 2816 899 2869 tamen
915 2809 1060 2887 plerique
1076 2809 1282 2886 posteriorem

268 2949 343 3013 §482
362 2949 452 3012 sopra]
472 2949 530 3014 §89
555 2950 566 3013 ll
589 2949 662 3014 §483
683 2952 743 3001 init.
763 2955 790 3001 ct
814 2950 876 3001 inde
895 2951 929 3001 ab
949 2957 963 3002 8
983 2953 1032 3002 dcc
1049 2951 1106 3002 fero
1125 2973 1158 2995 =
1177 2955 1241 3003 lust.
1257 2918 1281 3016 t,

199 3022 223 3079 4,
239 3021 252 3066 8
273 3018 284 3081 ΙΙ
301 3018 420 3081 iuferius]
440 3016 467 3082 §5
483 3023 530 3068 486
544 3033 601 3082 seq.

267 3149 280 3194 t
301 3147 424 3195 consistit
444 3145 582 3206 Goescteo,
604 3149 724 3196 constitit
744 3146 777 3196 cn
796 3147 807 3211 ΙΙ
827 3151 841 3196 5
861 3149 888 3196 in
910 3148 1049 3208 Gocseteo,
1069 3151 1107 3198 im
1129 3149 1282 3215 011444144-

198 3217 295 3264 cantur
311 3213 330 3264 0
346 3213 357 3276 ll
376 3219 390 3265 8
410 3213 531 3263 oblatum
554 3214 691 3278 Goeccbeo,
712 3216 861 3279 obligatum
883 3215 902 3266 C
924 3216 935 3280 ΙΙ
957 3220 984 3267 et
1002 3231 1053 3266 nec
1072 3219 1146 3278 lost,
1169 3232 1220 3269 nec
1240 3217 1283 3282 Cli

199 3287 300 3332 44-42
319 3281 490 3333 manifestum
504 3281 608 3332 lurtum
624 3284 761 3346 Goesoteo,
782 3289 887 3333 metum
906 3285 1023 3336 fructum
1040 3285 1066 3348 0,
1087 3288 1154 3350 cons.
1172 3287 1203 3338 0²
1218 3300 1279 3350 pop.

197 3355 248 3407 278
270 3352 281 3416 ΙΙ
304 3356 333 3401 ta
354 3351 422 3414 esse]
449 3352 515 3414 coos.
538 3350 570 3400 ca
584 3364 647 3416 paq.
662 3356 716 3416 265,
730 3367 800 3404 cers.
814 3354 849 3404 3⁷
872 3353 883 3417 11
907 3355 981 3419 quod
1003 3355 1141 3418 Gcescbeo,
1163 3371 1218 3421 quo
1238 3355 1280 3416 0⁰,

198 3423 265 3484 coos.
288 3421 320 3471 0²
333 3434 395 3484 paq.
409 3424 459 3472 295
484 3419 494 3484 ΙΙ
519 3422 549 3468 lt
575 3421 675 3471 oliueto
696 3421 834 3484 Goeseten,
860 3422 974 3473 solibeto
995 3422 1015 3473 C
1037 3424 1047 3486 ΙΙ
1072 3428 1103 3473 45
1122 3428 1165 3475 est
1184 3425 1229 3488 0¹¹,
1248 3426 1282 3474 sit

198 3494 331 3553 4444444444·
348 3491 475 3540 intellexit
493 3490 624 3539 Poleooor
642 3489 653 3553 ΙΙ
671 3489 715 3540 fur
733 3492 768 3540 sit
784 3494 831 3540 aut
849 3491 973 3556 Hollweq,
993 3492 1145 3544 lucritasita
1166 3493 1193 3557 C,
1214 3493 1280 3555 coos.

201 3559 232 3609 0²
246 3573 309 3623 paq.
324 3563 376 3611 254
392 3572 463 3610 cers.
479 3563 509 3608 44
532 3557 543 3620 ll
567 3562 598 3607 47
617 3572 705 3623 usque
723 3557 897 3609 manifestum
915 3560 1017 3611 furtum
1039 3561 1182 3622 Goescten,
1202 3566 1231 3613 to
1250 3561 1282 3612 0⁰

196 3629 308 3690 fortusse
326 3641 413 3692 usque
432 3625 540 3691 lacltum
561 3626 733 3693 manifestum
752 3627 854 3678 lurtum
873 3631 916 3679 uel
933 3632 1026 3680 omisso
1044 3631 1090 3680 tce
1101 3633 1191 3682 ultimo
1203 3644 1283 3682 4444-

198 3699 257 3746 bulo
269 3700 395 3758 scriptum
412 3702 477 3757 erat,
498 3697 564 3758 coos.
583 3695 613 3745 0³
629 3697 639 3760 ΙΙ
660 3701 690 3746 83
709 3702 799 3747 utrum
816 3699 878 3761 quia
897 3713 932 3747 44
951 3699 1024 3761 quod
1042 3700 1155 3751 coluerit
1169 3699 1212 3763 0¹²,
1233 3713 1284 3749 444

197 3767 274 3826 liquet
296 3765 307 3828 ΙΙ
331 3765 527 3816 dubitationem
553 3765 697 3826 Goesoben,
723 3765 890 3816 dubitatione
918 3766 937 3817 C
957 3767 968 3830 ll
991 3771 1022 3816 25
1047 3770 1110 3831 quia
1136 3769 1185 3828 01¹;
1211 3769 1282 3833 quod

199 3837 303 3883 coniecit
322 3836 451 3884 Poteocor
472 3834 550 3896 (coos.
573 3834 895 3898 comparatorem)
914 3836 925 3899 ΙΙ
944 3839 1046 3885 28-86
1070 3837 1217 3903 subreptas
1241 3851 1284 3887 res

201 3901 338 3964 Goeseteo,
365 3905 488 3965 surrepto
506 3916 565 3953 ress
586 3903 605 3953 C
626 3903 637 3966 ΙΙ
662 3908 694 3953 26
712 3905 869 3967 prouincias
891 3905 1035 3967 Gocsolteo,
1061 3908 1219 3968 peruincias
1239 3905 1280 3966 θ’),

199 3970 265 4032 cons.
283 3969 314 4019 0⁴
322 3983 385 4033 paq.
400 3975 450 4021 289
463 3971 474 4034 ΙΙ
487 3975 518 4020 27
532 3971 606 4021 fures
621 3973 759 4032 Goescteo,
774 3971 818 4021 fur
833 3972 852 4023 C
866 3974 942 4036 (coos.
957 3972 987 4022 0³
996 3988 1059 4037 pop.
1069 3979 1120 4028 298
1133 3989 1206 4026 cers.
1217 3976 1263 4036 25)
1274 3972 1284 4040 ll

199 4036 319 4098 perterre
340 4038 478 4102 Goescteo,
499 4039 620 4103 prolerre
640 4040 682 4104 Cn,
704 4040 1111 4107 coof.(>²pcq.281loers.8ll
1131 4048 1162 4095 28
1183 4058 1283 4109 apprc-

198 4106 280 4156 batur
301 4106 437 4167 Goeseteo,
458 4108 592 4172 adprobat
613 4109 647 4159 Cn
668 4110 744 4172 (cons.
768 4110 832 4170 0³⁸),
854 4111 920 4173 cons.
945 4110 977 4161 0³
991 4116 1126 4175 444544.
