2902 4830
509 323 594 332 ....
639 288 679 351 23
724 323 809 333 -.
1046 290 1057 339 1
1076 288 1201 354 §so-eo

120 475 310 556 conceperit,
330 477 434 538 ciuem
456 478 628 538 Romanum
652 496 691 538 ex
711 496 747 539 ea
763 478 860 556 nasci,
881 478 907 539 si
923 497 1000 539 uero
1015 479 1112 559 uulgo
1129 499 1204 541 con-

55 563 89 620 9⁴
121 562 248 644 ceperit,
275 562 478 643 peregrinum
501 583 541 624 ex
564 582 600 623 ea
615 565 712 624 nascr'.
745 564 826 627 Item
850 565 875 624 si
901 582 963 644 qua
986 565 1101 626 mulier
1123 567 1203 628 ciuis

119 652 256 710 Romana
278 668 434 728 praegnas
457 669 495 710 ex
511 650 785 711 senatusconsulto
802 648 974 711 Claudiano
991 649 1106 712 ancilia
1122 652 1204 713 facta

120 737 160 797 sit
183 735 222 797 ob
245 733 277 795 id
301 734 386 816 quod
410 734 512 796 alieno
535 753 629 796 seruo
653 736 753 796 inuito
778 745 808 796 et
836 735 1046 798 denuntiante
1078 735 1203 798 domino

119 822 188 883 eius
205 818 350 905 (coierit),
370 823 533 901 conplures
550 820 745 903 distinguunt
767 830 799 882 et
821 822 1017 896 existimant,
1044 822 1204 903 siquidem
1222 835 1237 881 5

119 929 159 969 ex
181 909 273 969 iustis
297 908 419 986 nuptiis
436 914 602 987 conceptas
619 908 672 987 sit,
690 907 793 968 ciuem
805 909 979 968 Romanum
995 927 1034 968 ex
1050 928 1086 970 ea
1101 910 1200 988 nasci,

122 996 148 1056 si
171 1012 246 1055 uero
269 995 364 1073 uulgo
387 1003 558 1073 conceptus
582 993 632 1070 sit,
660 1012 785 1055 seruum
807 995 894 1055 nasci
910 994 981 1055 eius
996 995 1089 1056 cuius
1104 1005 1204 1057 mater

58 1082 97 1139 92
122 1082 203 1142 facta
226 1089 309 1141 esset
332 1079 456 1141 ancilia.
500 1078 672 1157 Peregrina
694 1098 821 1159 quoque
845 1080 871 1141 si
894 1080 989 1158 uulgo
1011 1080 1201 1161 conceperit,

118 1165 234 1227 deinde
257 1165 338 1226 ciuis
360 1166 499 1226 Romana
521 1160 604 1248 (fiat)
629 1173 657 1225 ei
677 1173 752 1226 tunc
774 1166 885 1244 pariat,
911 1163 1013 1225 ciuem
1031 1167 1204 1228 Romanum
1222 1176 1237 1221 s

118 1253 218 1332 parit3
246 1251 273 1311 si
293 1269 368 1311 uero
384 1270 423 1310 ex
439 1251 607 1330 peregrino
624 1247 636 1332 Η
653 1250 827 1311 secundum
842 1251 928 1330 leges
943 1270 1112 1332 moresque
1130 1263 1305 1332 per-pagati

120 1339 301 1417 egrinorum
326 1337 515 1415 conceperit,
541 1335 585 1397 ita
607 1335 737 1397 uidetur
758 1355 799 1397 ex
820 1339 1095 1398 senatusconsulto
1119 1337 1204 1418 quod

120 1432 247 1484 auctore
271 1421 346 1482 diuo
369 1421 528 1484 Hadriano
551 1421 670 1482 factum
692 1431 750 1499 est,
771 1422 873 1483 ciuem
888 1423 1064 1483 Romanum
1079 1442 1201 1503 parere,

123 1510 149 1570 si
173 1518 204 1569 et
225 1509 310 1587 patri
332 1508 402 1568 eius
425 1508 698 1569 ciuitasRomana
720 1507 868 1568 donetur.

57 1595 97 1653 93
210 1595 242 1655 Si
265 1592 455 1673 peregrinus
478 1593 540 1655 sibi
562 1593 738 1674 liberisque
761 1594 829 1655 suis
852 1593 1012 1654 ciuitatem
1035 1595 1205 1656 Romanam

121 1679 259 1760 petierit,
287 1697 348 1740 non
371 1680 462 1741 aliter
484 1679 541 1739 filii
564 1679 597 1739 in
620 1688 776 1758 potestate
792 1680 861 1740 eius
876 1679 963 1759 fient,
989 1680 1127 1760 quamsi
1144 1681 1205 1741 im·
1223 1693 1254 1738 rt
1284 1712 1287 1717 ·

121 1774 249 1846 perator
280 1784 332 1826 eos
363 1766 394 1825 in
424 1773 613 1845 potestatem
641 1764 816 1845 redegerit;
852 1765 937 1845 quod
960 1766 1002 1826 ita
1027 1766 1154 1828 demum
1177 1767 1204 1828 is

123 1853 207 1929 iacit,
233 1851 260 1912 si
283 1870 376 1912 causa
396 1852 521 1931 cognita
538 1851 753 1912 aestimauerit
769 1851 827 1912 hoc
842 1852 915 1912 filiis
932 1851 1094 1932 expedire.
1130 1852 1205 1914 dili-

121 1938 247 2018 gentius
271 1946 375 1998 autem
398 1937 605 2017 exactiusque
621 1956 747 1999 causam
764 1940 923 2017 cognoscit
938 1938 977 1999 de
994 1938 1205 2019 inpuberibus

121 2022 389 2102 absentibusque,
417 2032 449 2084 et
472 2024 548 2084 haec
571 2023 614 2083 ita
637 2023 739 2085 edicto
763 2023 831 2085 diui
847 2023 999 2086 Hadriani
1022 2026 1205 2106 significari-

54 2110 95 2168 9i
121 2118 184 2170 tm.
220 2111 297 2169 Item
321 2109 348 2170 si
372 2110 445 2189 quis
477 2128 550 2170 cum
578 2128 678 2170 uxore
711 2120 883 2189 praegnate
911 2109 1040 2172 ciuitate
1066 2112 1205 2173 Romana
1222 2122 1254 2168 ro

122 2196 256 2257 donatus
273 2195 323 2273 sit,
345 2195 493 2274 quamuis
508 2196 536 2256 is
553 2197 607 2275 qui
626 2196 777 2272 nascitur,
797 2204 834 2256 ut
850 2214 946 2275 supra
962 2195 1109 2275 diximus,
1125 2197 1205 2257 ciuis

120 2283 279 2342 Romanus
302 2281 352 2359 sit,
379 2290 485 2342 tamen
508 2281 542 2341 in
564 2289 721 2360 potestate
737 2280 839 2360 patris
855 2300 918 2342 non
933 2281 986 2358 fit3
1012 2281 1110 2360 idque
1127 2281 1207 2343 sub-

122 2367 292 2446 scriptione
316 2368 387 2428 diui
407 2363 558 2428 Hadriani
581 2367 792 2446 significatur;
821 2386 883 2446 qua
906 2365 946 2426 de
968 2386 1062 2427 causa
1084 2367 1139 2446 qni
1154 2365 1207 2427 in-

121 2453 243 2532 tellegit
266 2472 397 2514 uxorem
421 2471 511 2514 suam
534 2471 605 2513 esse
620 2461 840 2532 praegnatem,
859 2451 935 2512 dum
959 2451 1120 2513 ciuitatem
1144 2451 1205 2514 sibi

121 2549 153 2600 et
175 2540 267 2599 uxori
291 2538 330 2600 ab
354 2539 545 2618 imperatore
569 2538 659 2616 petit,
679 2536 773 2599 simul
789 2538 829 2599 ab
846 2536 956 2597 eodem
971 2546 1081 2616 petere
1097 2538 1202 2616 debet,
1224 2547 1255 2594 2⁸

121 2635 157 2687 ut
179 2644 252 2686 eum
276 2625 332 2704 qui
356 2633 451 2686 natus
475 2624 545 2701 erit,
572 2624 605 2683 in
627 2632 782 2703 potestate
805 2642 865 2685 sua
886 2622 1012 2684 habeat.

54 2711 96 2769 95
205 2709 276 2771 Alia
306 2730 399 2771 causa
428 2719 476 2772 est
506 2728 615 2771 eorum
638 2709 695 2789 qui
717 2708 795 2770 Latii
816 2708 886 2770 iure
911 2728 982 2769 cum
1004 2708 1115 2769 liberis
1138 2707 1205 2770 suis

121 2795 162 2857 ad
178 2797 339 2857 ciuitatem
354 2796 524 2857 Romanam
541 2795 752 2875 perueniunt;
779 2814 852 2856 nam
868 2795 981 2856 horum
997 2795 1030 2855 in
1048 2802 1205 2874 potestate

122 2883 203 2942 fiunt
219 2882 324 2943 liberi.
355 2882 439 2961 quod
455 2883 505 2944 ius
528 2881 721 2962 quibusdam
744 2882 923 2961 peregrinis
946 2881 1132 2943 ciuitatibus
1147 2881 1205 2943 da·
1308 2957 1311 2962 g

122 2977 190 3028 tum
207 2976 255 3028 est
269 2969 323 3029 uel
339 2989 356 3029 a
371 2970 491 3048 populo
506 2969 644 3028 Romano
659 2967 714 3028 uel
731 2986 748 3027 a
764 2976 876 3029 senatu
893 2967 945 3029 uel
962 2987 978 3028 a
995 2964 1149 3051 Caeisare.
1163 3002 1205 3011 -
1223 2977 1255 3022 eo

55 3019 96 3077 96
554 3062 608 3114 aut
628 3051 731 3114 maius
761 3062 810 3114 est
832 3052 963 3132 Latiium
994 3062 1049 3114 aut
1079 3053 1201 3113 minus:

1154 3203 1205 3219 Wv

192 3274 250 3339 §si
270 3274 359 3338 supro]
379 3273 446 3338 §92-

119 3387 1149 3408 wmmvvwwrxxmmvvvwnnmvvwmnmmmwvmmmmmvw
1152 3388 1203 3404 WV

194 3485 208 3529 2
228 3482 304 3530 nasci
320 3481 459 3539 Gomorra,
479 3481 600 3529 nascitur
615 3480 648 3530 Cn
668 3479 711 3543 115
732 3480 826 3529 coierit
838 3479 937 3527 addidit
948 3477 1077 3539 Honorem
1095 3476 1207 3538 sortasse

121 3551 242 3610 teotarii,
263 3549 381 3613 plerique
393 3551 571 3611 distinguunt«
586 3552 673 3609 portos
685 3549 846 3598 scabendum
858 3551 905 3606 est,
925 3545 991 3607 coos.
1009 3544 1041 3594 ΟΕ
1059 3543 1069 3608 ῃ
1088 3548 1102 3592 6
1120 3545 1206 3594 iustiis

125 3617 144 3668 C
162 3618 173 3681 ss
195 3622 208 3666 8
222 3621 294 3671 esset
309 3617 335 3677 C,
356 3622 474 3678 eaproter
492 3618 527 3665 sit
538 3618 580 3665 ael
592 3621 632 3666 est
645 3620 692 3677 (sic
706 3616 844 3674 Goesciierr)
864 3611 876 3677 ΙΙ
895 3619 925 3663 ie
940 3612 1126 3676 significantur
1140 3613 1208 3663 Goe-

123 3689 210 3746 seren,
231 3686 400 3750 significatur
415 3685 434 3735 0
451 3683 463 3747 ΙΙ
481 3689 509 3732 24
533 3685 650 3733 diximus
665 3684 803 3743 Goesciierr,
823 3685 877 3733 dixi
894 3683 921 3742 C,
942 3682 1008 3744 corf.
1033 3681 1064 3732 θ’
1078 3695 1140 3745 pag.
1157 3684 1207 3735 tta

122 3769 193 3806 cers.
218 3761 249 3805 io
274 3760 298 3804 et
319 3769 382 3818 pag.
403 3756 454 3805 278
478 3752 489 3816 ΙΙ
515 3753 584 3802 ciuis
610 3752 731 3815 Hoilwep,
757 3754 831 3802 ciues
858 3751 886 3810 C,
912 3751 978 3813 corf.
1003 3749 1035 3800 θ’
1049 3763 1111 3813 pag.
1130 3746 1208 3815 ziiss

124 3827 155 3871 23
176 3824 232 3873 diui
255 3825 394 3883 Goesciierr,
413 3823 486 3872 diuis
508 3821 535 3880 0,
557 3820 622 3882 coos.
644 3819 674 3870 C·
689 3833 750 3883 pag.
765 3825 816 3871 500
834 3819 845 3883 ΙΙ
863 3824 895 3868 26
915 3831 993 3868 suam
1015 3817 1062 3880 011
1081 3821 1112 3866 29
1131 3817 1207 3882 quod

126 3892 265 3954 Goesciiea,
286 3905 338 3955 que
361 3891 404 3950 ΟΠ,
424 3891 490 3953 coos.
515 3889 747 3951 capraritias.
767 3887 778 3950 ΙΙ
796 3893 823 3936 3⁴
846 3893 905 3937 ante
923 3889 970 3936 aut
988 3887 1077 3936 maius
1088 3889 1208 3947 arripare

124 3964 238 4022 spatium
255 3963 329 4010 initio
344 3961 508 4022 paragraphi
524 3970 638 4007 cooacm
655 3958 774 4006 relictum
793 3959 913 4006 ceterum
930 3957 972 4004 uei
990 3955 1038 4005 sed
1055 3957 1098 4005 uel
1116 3955 1207 4004 riualis

120 4032 254 4091 particula
266 4029 410 4092 supplenda
429 4033 475 4087 est,
495 4029 560 4077 totio
577 4026 632 4088 fere
649 4026 765 4087 suppleri
774 4038 850 4086 posse
861 4026 999 4074 uideatur:
1019 4025 1104 4074 Huius
1116 4026 1205 4072 autem

124 4100 193 4148 iuris
211 4100 280 4148 duae
300 4098 404 4162 species
423 4099 500 4154 sunt;
521 4108 583 4144 nam
