2902 4830
249 265 440 332 lateo-rra
644 299 730 311 ....
772 268 814 331 40
859 301 944 312 ..-

159 458 236 519 ⁴66⁸
250 475 355 518 eorum
376 463 457 518 tutor
481 451 569 540 erit.)
617 454 664 536 [nn
687 474 855 517 novenam
880 455 1020 537 rernm]
1072 457 1153 518 Sunt
1191 464 1223 517 et
1257 457 1339 519 aliae

249 542 378 625 tutelae,
404 560 486 622 quae
510 540 695 603 fiduciariae
718 550 883 621 uocantur,
917 541 951 603 id
973 551 1021 604 est
1044 561 1126 621 quae
1149 541 1221 604 ideo
1244 542 1340 605 nobis

249 637 437 709 conpetunt,
470 627 547 706 quia
576 627 714 690 liberum
743 637 839 708 oaput
869 629 1084 708 mancipatum
1113 628 1207 690 nobis
1235 629 1291 690 uel
1322 649 1341 690 a

164 718 225 779 467
248 722 381 795 parente
404 715 458 775 uel
485 734 502 777 a
532 714 797 794 coemptionatore
827 715 1121 776 manumiserimus,
1167 715 1230 776 Sed
1253 716 1340 776 Lati-

249 820 363 861 narum
387 810 418 862 et
440 800 620 863 Latinorum
648 799 844 880 inpuberum
867 801 959 863 tutela
986 820 1049 863 non
1072 801 1157 861 omni
1181 799 1274 862 modo
1297 801 1339 863 ad
1358 818 1372 862 5

249 887 498 948 manumissores
528 904 634 947 eorum
667 887 825 966 pertinet,
859 886 916 949 sed
944 885 984 949 ad
1012 906 1066 949 eos
1096 905 1233 966 quorum
1264 896 1339 950 ante

248 972 531 1039 manumissionem
554 969 613 1058 (eoo
635 973 703 1033 ture
720 974 885 1048 Quiritium
897 972 1029 1054 fueruat
1038 993 1048 1048 ;
1072 972 1153 1034 uode
1167 975 1197 1035 si
1211 969 1346 1059 coctile)

249 1077 289 1120 ex
311 1058 382 1120 iure
405 1058 578 1131 Quiritium
607 1066 660 1120 tua
687 1059 745 1138 sit,
783 1058 816 1119 in
845 1059 938 1121 bonis
968 1078 1047 1139 mea,
1082 1080 1100 1121 a
1130 1078 1181 1121 me
1205 1059 1338 1138 quidem

250 1145 331 1224 solo,
367 1164 430 1206 non
460 1145 555 1207 etiam
585 1164 602 1206 a
630 1154 662 1206 te
685 1145 895 1224 manumissa,
926 1146 1036 1207 Latina
1058 1146 1128 1207 fieri
1150 1153 1272 1225 potest,
1306 1155 1339 1207 et

248 1230 330 1293 bona
354 1232 425 1292 eius
448 1230 488 1292 ad
510 1251 561 1292 me
583 1232 761 1312 pertinent,
799 1231 855 1293 sed
884 1231 955 1293 eius
977 1232 1073 1293 tutela
1096 1232 1151 1293 tibi
1175 1232 1334 1311 coopetit;
1357 1247 1385 1292 ro

249 1336 322 1379 nam
345 1316 389 1378 ita
409 1317 479 1397 lege
502 1318 593 1380 lunia
616 1329 761 1395 cauetur3
796 1318 905 1396 itaque
935 1318 963 1379 si
991 1317 1030 1380 ab
1062 1338 1098 1379 eo
1132 1318 1225 1379 cuius
1249 1326 1283 1379 et
1303 1319 1338 1378 in

247 1403 340 1464 bonis
362 1413 395 1465 et
417 1423 456 1464 ex
478 1404 548 1465 iure
571 1404 740 1476 Quiritium
762 1404 878 1466 ancilla
900 1403 1014 1483 luerit,
1044 1403 1126 1466 lacta
1149 1405 1191 1466 sit
1213 1405 1334 1483 Latina,

248 1489 289 1552 ad
312 1490 451 1551 eundem
474 1499 505 1551 et
527 1490 611 1552 bona
633 1499 665 1552 et
687 1489 785 1551 tutela
808 1490 980 1569 pertinent.

164 1577 224 1637 l68
333 1574 467 1656 Agnetis
490 1584 522 1637 et
543 1576 686 1656 patronis
708 1585 740 1637 et
761 1575 936 1637 liberorum
958 1576 1099 1656 capitum
1122 1577 1338 1638 manumisso-

208 1666 212 1678 '
247 1662 338 1723 rihus
368 1661 562 1741 permissum
590 1671 639 1724 est
663 1661 854 1723 feminarum
881 1662 1014 1723 tutelam
1044 1663 1100 1724 alii
1125 1663 1160 1723 in
1188 1663 1260 1724 iure
1284 1682 1338 1725 oe·
1355 1677 1384 1722 45

248 1747 339 1822 dere;
366 1746 565 1827 pupillorum
587 1757 695 1808 autem
709 1747 841 1809 tutelam
857 1767 920 1808 non
936 1757 985 1810 est
999 1749 1191 1828 permissum
1207 1747 1333 1828 cedere,

248 1833 325 1912 quia
339 1851 403 1893 non
418 1830 550 1895 uidetur
565 1829 715 1917 onellrosa,
743 1853 816 1894 oum
831 1842 973 1914 tempore
988 1835 1169 1915 pubertatis
1191 1835 1334 1897 liniatur.
1345 1847 1423 1911 popu

162 1921 222 1980 469
333 1919 363 1980 Is
394 1927 500 1980 autem
533 1919 585 1980 oui
615 1918 740 1980 ceditur
761 1921 873 1997 tutela,
900 1921 1054 1982 oessioius
1077 1928 1160 1982 tutor
1180 1930 1333 1998 uocatur,

162 2003 221 2067 470
247 2023 309 2085 quo
333 2014 455 2066 mortuo
478 2012 534 2066 aut
555 2005 657 2084 capite
677 2004 842 2066 deminuto
860 2007 1036 2068 reuertitur
1051 2006 1092 2067 ad
1108 2027 1182 2068 eum
1197 2015 1337 2068 tutorem

246 2090 348 2152 tutela
376 2090 433 2169 qui
464 2090 575 2168 cessit,
613 2091 683 2170 ipse
715 2109 841 2170 quoque
865 2092 921 2171 qui
944 2093 1041 2155 cessit
1063 2095 1090 2155 si
1113 2101 1258 2154 mortuus
1281 2102 1337 2154 aut
1355 2108 1383 2153 44

247 2177 348 2257 capite
370 2175 554 2238 deminutus
577 2176 627 2255 sit,
654 2197 675 2238 4
697 2177 826 2239 oessicio
844 2177 946 2239 tutela
962 2177 1100 2241 discedit
1115 2187 1147 2240 et
1161 2180 1337 2240 reuertitur

247 2262 288 2326 ad
310 2282 385 2325 eum
408 2263 464 2343 qui
487 2271 559 2343 post
581 2282 655 2324 eum
679 2264 735 2343 qui
759 2273 908 2342 cesserat,
941 2265 1120 2327 secundum
1143 2265 1280 2344 gradum
1303 2265 1337 2325 in

162 2349 217 2416 iil
248 2369 285 2411 ea
307 2350 407 2411 tutela
430 2349 589 2413 habuerit.
626 2349 682 2411 sed
704 2358 859 2429 quantum
882 2350 923 2412 ad
938 2359 1068 2430 agnatos
1083 2353 1235 2431 pertinet,
1254 2352 1336 2413 nihil

246 2437 305 2498 hoo
327 2445 469 2516 tempore
492 2437 532 2498 de
556 2436 687 2497 oessioia
709 2437 808 2498 tutela
832 2437 1014 2516 quaeritur,
1049 2457 1122 2498 oum
1152 2446 1337 2516 agnatorum

163 2526 223 2590 tra
247 2523 365 2584 tutelae
396 2523 430 2584 in
459 2522 587 2584 leminis
615 2524 685 2602 lege
710 2522 841 2585 Claudia
869 2523 1014 2595 sublatae
1042 2525 1116 2584 sint.
1165 2523 1223 2586 sed
1251 2522 1338 2584 fidu·
1355 2538 1382 2584 44

246 2609 360 2671 oiarios
391 2627 520 2688 quoque
554 2607 685 2688 quidam
712 2618 909 2689 putauerunt
944 2608 1105 2672 cedendae
1134 2610 1254 2671 tutelae
1285 2610 1336 2670 ius

245 2714 310 2756 non
331 2695 461 2774 habere,
487 2714 559 2756 eum
581 2695 644 2781 ipsi
667 2714 701 2756 se
724 2697 812 2756 oneri
836 2694 1042 2758 subiecerint.
1079 2694 1165 2776 quod
1188 2696 1249 2756 etsi
1265 2695 1338 2775 pla-

247 2789 326 2859 ceat,
352 2781 386 2839 in
409 2789 540 2860 parente
562 2789 668 2842 tamen
692 2781 748 2860 qui
771 2781 869 2843 filiam
886 2791 1059 2862 neptemue
1076 2790 1132 2844 aut
1146 2790 1337 2862 proneptem

246 2866 338 2926 alteri
363 2883 399 2926 ea
422 2866 493 2944 lege
516 2866 673 2945 mancipio
697 2864 795 2942 dedit,
826 2876 863 2928 ut
885 2867 947 2928 sibi
970 2869 1253 2948 remanoiparetur,
1282 2887 1336 2928 re-

247 2950 525 3030 mancipatamque
548 2951 748 3030 manumisit,
778 2951 863 3013 idem
894 2954 957 3014 dici
980 2972 1043 3014 non
1066 2953 1176 3032 debet,
1211 2973 1285 3014 eum
1308 2954 1335 3014 is
1354 2969 1382 3013 ao

248 3044 280 3097 et
302 3036 464 3115 legitimus
486 3044 572 3097 tutor
593 3037 759 3115 habeatur,
786 3047 818 3099 et
840 3058 904 3100 non
926 3040 1033 3101 minus
1056 3040 1132 3102 huic
1155 3059 1251 3119 quam
1275 3059 1334 3120 pa-

247 3122 347 3183 tronis
370 3123 467 3183 honor
488 3121 699 3202 praestandus
720 3124 772 3184 sit.

163 3224 221 3286 ⁴73
334 3209 499 3271 Praeterea
522 3209 798 3270 senatusconsulto
821 3210 1012 3272 mulieribus
1027 3211 1222 3291 permissum
1238 3220 1288 3273 est
1302 3212 1335 3271 in

247 3295 390 3358 absentis
412 3295 527 3356 tutoris
549 3294 651 3356 locum
676 3295 774 3356 alium
797 3305 922 3375 pete1¹e;
954 3316 1017 3376 quo
1046 3298 1144 3378 petito
1166 3298 1255 3378 prior
1278 3295 1336 3359 de-

868 3499 1334 3518 »mwxxmmvxmxxvxvmw

319 3643 328 3687 4
350 3641 457 3691 rotrico
474 3640 541 3702 soleo
559 3640 613 3688 loco
630 3641 658 3689 io
679 3638 698 3690 C
716 3643 813 3703 scripta
831 3646 878 3700 est,
903 3641 969 3703 coos.
993 3640 1025 3691 Ca
1047 3641 1058 3704 ΙΙ
1082 3644 1097 3690 6
1116 3640 1219 3703 eorum]
1241 3641 1336 3691 liueris

248 3708 372 3757 incorum
390 3723 425 3758 oo
444 3708 533 3758 liuerti
552 3708 694 3758 ineorum‘l
709 3708 787 3770 C(eoo
797 3711 970 3772 ploosomote),
990 3710 1058 3772 eoos.
1075 3709 1117 3760 0⁸⁸
1134 3707 1145 3775 ss
1164 3714 1177 3758 7
1196 3706 1337 3776 (loddidtt

247 3776 364 3825 Huschke
386 3777 397 3839 ΙΙ
421 3780 452 3825 ta
478 3777 537 3827 iure
560 3776 703 3836 Quiritium
731 3778 876 3840 Goeschea,
912 3780 975 3843 ique
1002 3778 1030 3838 0,
1055 3779 1121 3841 coos.
1147 3778 1180 3828 0³
1199 3791 1263 3841 pop.
1283 3781 1336 3832 275

246 3857 318 3894 uero.
338 3849 370 3898 42
393 3843 405 3908 ΙΙ
428 3849 459 3894 43
485 3847 622 3908 pertinent
646 3847 778 3906 Huschke,
806 3849 925 3911 pertinet
952 3848 986 3899 0¹²
1008 3846 1019 3909 11
1043 3852 1074 3897 48
1099 3850 1173 3898 tutor
1193 3847 1334 3908 64444444,

248 3916 360 3962 uocator
380 3912 400 3962 O
417 3912 477 3976 1144
494 3918 571 3976 prior
589 3916 723 3966 cessitate
740 3917 859 3967 cessauit
876 3917 1041 3966 correctum?
1062 3916 1081 3968 G
1098 3916 1109 3979 ΙΙ
1133 3920 1161 3965 44
1185 3931 1201 3966 a
1220 3917 1335 3967 cessicio

248 3981 388 4099 gwffilm'
402 3983 523 4099 apcgssio
539 3983 559 4034 G
576 3984 588 4048 ΙΙ
607 3988 638 4033 23
658 3984 774 4036 habueri
791 3985 819 4046 0,
839 3986 907 4048 eoos.
925 3984 957 4035 C·
966 3997 1028 4048 paq.
1043 3986 1149 4036 XXXII
1158 3986 1205 4048 tos.
1223 3984 1235 4048 ΙΙ
1255 3989 1287 4034 32
1301 3986 1337 4036 sit

272 4062 318 4099 ose
352 4063 374 4108 e,
394 4062 423 4099 es
476 4086 482 4101 .
