2902 4830
267 247 289 297 11
308 245 473 312 §asa-asa
658 277 743 290 ...
788 243 829 305 96
872 275 958 290 ..-

267 435 405 496 actiones
429 452 511 513 quoe
536 434 604 495 1555
628 433 715 493 515111
737 430 848 493 heredi
871 431 951 492 5515
967 428 1117 492 heredem
1133 437 1354 510 conpeterent,

268 517 328 604 <ei>
352 528 383 581 et
406 522 438 580 in
461 538 534 581 eum
557 518 709 579 darentur
724 519 776 579 cui
791 537 831 580 55
846 516 1089 578 fideicommissa
1105 515 1252 578 restituta
1269 523 1357 576 esset

268 605 438 668 hereditas.
471 623 529 684 555
551 605 635 684 quod
658 603 968 665 senatusconsultum
992 602 1156 663 desierunt
1178 601 1253 662 illue
1278 620 1357 662 cau-

267 693 369 753 tiones
400 693 432 751 in
461 709 522 752 usu
544 690 665 751 haberi.
698 687 711 772 ΙΙ
733 700 860 770 5555555
883 689 965 749 enim
988 688 1084 749 utiles
1107 689 1245 748 actiones
1268 689 1298 747 ei
1322 696 1449 761 etpgatt

266 778 299 837 in
323 795 396 837 eum
419 775 476 855 qui
499 778 619 856 recepit
641 774 866 852 hereditatem,
902 775 992 853 quasi
1014 772 1124 834 heredi
1148 783 1179 835 et
1202 773 1236 834 in
1259 773 1390 835 here-t

181 866 242 929 251
267 861 340 924 dem
363 860 437 923 dare
462 862 576 942 coepit,
602 880 718 941 eaeque
742 863 775 922 15
798 859 897 922 edicto
919 868 1152 940 proponuntur.
1193 857 1258 921 Sed
1281 878 1358 921 rur-

268 967 322 1009 sus
352 948 425 1026 quia
455 947 588 1009 heredes
615 948 726 1028 scripti
758 966 829 1008 cum
859 955 914 1008 aut
944 954 1040 1007 totam
1067 944 1277 1007 hereditatem
1300 953 1358 1006 aut

268 1052 371 1115 poene
395 1043 489 1094 totam
512 1034 702 1114 plerumque
725 1034 893 1094 restituere
917 1032 1125 1111 rogabantur,
1152 1028 1239 1092 adire
1263 1031 1359 1092 here-

268 1119 400 1182 ditatem
423 1118 464 1179 ob
486 1119 610 1180 nullum
633 1128 687 1181 aut
709 1117 876 1180 minimum
891 1117 1014 1178 lucrum
1032 1116 1232 1194 recusabant,
1259 1124 1356 1196 atque

268 1204 308 1267 ob
331 1204 363 1266 id
387 1205 655 1284 extinguebantur
678 1203 937 1283 fideicommissa,
969 1210 1077 1284 555155
1101 1204 1215 1282 Pegaso
1238 1210 1271 1264 et
1293 1202 1357 1263 Pu-
1376 1218 1405 1263 15

269 1293 355 1353 51555
380 1288 584 1375 (oonsulibus)
608 1300 738 1353 senatus
760 1290 900 1368 censuit,
933 1297 969 1350 ut
992 1290 1022 1350 ei
1045 1289 1100 1368 qui
1123 1296 1251 1369 rogatus
1274 1296 1357 1350 esset

270 1376 479 1440 hereditatem
503 1378 685 1457 restituere,
711 1374 844 1457 proinde
868 1375 978 1436 liceret
1002 1383 1147 1454 quartam
1162 1382 1288 1454 partem
1303 1392 1357 1435 55-

269 1465 384 1542 515555,
410 1472 505 1542 atque
531 1482 548 1524 e
571 1464 640 1544 lege
656 1461 793 1524 Falcidia
815 1463 848 1522 in
865 1460 978 1542 legatis
992 1460 1132 1522 retinere
1154 1459 1353 1522 conceditur.

274 1547 324 1630 (ex
346 1550 482 1629 singulis
505 1567 633 1628 quoque
655 1549 753 1610 rebus
775 1567 856 1627 quae
879 1565 938 1627 555
960 1544 1237 1608 fideicommissum
1254 1544 1356 1607 relin-

270 1643 403 1713 cuntur,
438 1633 547 1695 eadem
580 1634 715 1696 retentio
737 1635 890 1714 permissa
915 1631 986 1714 est.)
1020 1651 1079 1711 555
1101 1632 1187 1712 quod
1209 1641 1357 1694 senatus·
1375 1645 1403 1690 15

270 1721 449 1782 consultum
472 1721 540 1800 ipse
565 1717 681 1803 (bores)
706 1738 801 1781 onera
823 1717 1012 1781 hereditaria
1035 1717 1183 1780 sustinet.
1220 1717 1275 1779 ille
1298 1736 1356 1779 au·

270 1814 332 1866 tem
364 1807 418 1884 qui
446 1825 486 1866 55
507 1804 749 1866 fideicommissa
771 1805 928 1884 reliquam
950 1814 1073 1886 partem
1096 1803 1283 1866 hereditatis
1305 1823 1357 1866 55-

271 1891 365 1970 cipit,
391 1891 536 1970 legatarii
560 1890 702 1971 555515511
725 1891 792 1952 1555
815 1899 880 1968 555,
914 1888 947 1952 id
972 1900 1019 1952 est
1042 1892 1112 1952 5155
1135 1891 1279 1970 legatarii
1303 1889 1355 1952 cui

270 1995 344 2055 pars
366 1976 520 2038 bonorum
543 1977 682 2056 legatur,
710 1995 791 2056 quae
815 1977 939 2056 species
954 1977 1049 2057 legati
1065 1977 1193 2056 partitio
1209 1985 1351 2054 uocatur,

270 2063 344 2141 quia
368 2081 439 2123 cum
463 2062 578 2124 herede
602 2063 772 2143 legatarius
794 2063 931 2142 partitur
954 2060 1172 2125 hereditatem.
1204 2061 1292 2124 unde
1308 2061 1357 2122 51-
1374 2075 1401 2120 55

272 2148 385 2210 lectum
417 2159 481 2226 555,
513 2158 549 2210 55
571 2167 654 2228 quae
677 2149 778 2210 solent
801 2149 1021 2228 stipulationes
1044 2149 1129 2210 inter
1151 2147 1303 2209 heredem
1326 2157 1358 2209 et

271 2235 457 2314 partiarium
473 2235 660 2315 legatarium
676 2234 846 2315 interponi,
866 2233 992 2296 eaedem
1009 2235 1254 2314 interponantur
1274 2234 1359 2295 inter

271 2340 343 2382 eum
367 2321 423 2400 qui
447 2341 487 2382 55
509 2320 740 2383 fideicommissi
765 2338 857 2382 causa
880 2322 994 2400 recipit
1005 2318 1225 2398 hereditatem,
1253 2329 1286 2382 et
1300 2321 1358 2381 he-

273 2406 398 2487 redem,
431 2407 464 2469 id
491 2417 539 2469 est
566 2416 602 2468 ut
625 2417 653 2469 et
676 2408 799 2469 lucrum
823 2415 854 2468 et
877 2405 1027 2469 damnum
1049 2405 1277 2467 hereditarium
1299 2425 1358 2486 555

186 2497 248 2557 255
272 2501 338 2554 5555
361 2503 452 2573 55555
475 2495 559 2554 15555
581 2512 633 2555 555
656 2512 821 2555 commune
838 2493 889 2553 sit.
932 2493 1015 2573 Ergo
1030 2491 1189 2571 siquidem
1205 2511 1269 2553 non
1284 2493 1358 2572 plus
1376 2505 1403 2551 25

272 2598 365 2658 quam
396 2579 582 2641 dodrantem
609 2577 621 2662 ΙΙ
648 2579 833 2642 hereditatis
863 2580 1000 2659 scriptus
1029 2579 1124 2640 heres
1158 2586 1286 2657 rogatus
1316 2579 1358 2640 515
1366 2587 1444 2653 55155

272 2667 456 2744 restituere,
488 2676 555 2726 tum
590 2685 629 2726 ex
651 2665 843 2727 Trebelliano
875 2664 1148 2726 senatusconsulto
1179 2664 1360 2726 restituitur

275 2798 411 2814 ’ΧΑΛΛΛΛΛΛκ

273 2920 283 2967 l
320 2850 423 2968 ι5225213
434 2850 490 2968 iope
509 2872 540 2894 =
560 2854 624 2904 lost.
640 2856 663 2913 2,
680 2857 722 2914 25,
738 2857 752 2902 5
771 2852 782 2916 11
800 2852 876 2917 5255
895 2865 983 2915 usque
1001 2852 1034 2902 ad
1054 2856 1095 2912 97,
1112 2854 1125 2898 3
1150 2851 1308 2901 Trebelliano
1326 2872 1358 2894 =

287 2932 337 2969 ns.
371 2955 376 2976 ,
428 2959 434 2982 ,
469 2958 475 2970 .

276 3024 280 3031 r
285 3015 1360 3038 wwvvwmwvvwwvvvvvvwvvwvwvvxmmvwvvmnmwwvmmmvx

343 3093 353 3135 1
377 3091 497 3139 actiones
519 3090 548 3150 C,
568 3104 662 3141 omnes
680 3094 801 3142 actiones
814 3094 876 3144 1551.
897 3092 908 3156 ΙΙ
927 3096 941 3140 2
960 3092 1073 3151 511555,
1094 3105 1144 3141 515.
1161 3090 1180 3141 C
1198 3091 1209 3153 ll
1226 3094 1299 3142 esset
1313 3090 1357 3151 0¹¹,

274 3159 390 3208 5551551.
405 3157 416 3221 ΙΙ
435 3161 448 3205 5
468 3171 516 3221 555
532 3158 576 3218 Cn,
598 3164 659 3222 post
678 3161 740 3212 1551.
760 3163 939 3222 (nomineque),
960 3161 1026 3222 conf.
1050 3160 1081 3211 0Η
1096 3173 1158 3223 555.
1171 3164 1221 3214 281
1239 3165 1359 3209 551515

274 3232 376 3290 51555.
391 3232 442 3281 285
460 3241 530 3279 uera.
548 3232 579 3281 12
604 3228 615 3291 ΙΙ
641 3232 776 3293 deaeque
798 3230 942 3289 (1555511515,
963 3243 1048 3294 aeque
1069 3227 1114 3295 Cll
1138 3242 1233 3279 rursus
1255 3228 1283 3288 G,
1310 3241 1358 3278 551.

275 3297 338 3346 lost.
359 3295 370 3359 ΙΙ
388 3299 462 3346 taut
477 3295 505 3356 C,
520 3297 640 3347 5511551.
658 3297 669 3360 ΙΙ
690 3302 785 3346 15-11
801 3302 895 3362 555555
909 3299 1007 3362 Pegaso
1020 3300 1047 3348 55
1060 3298 1175 3348 Pusione
1188 3296 1357 3359 consulibus]

274 3368 362 3429 potest
381 3366 404 3427 (l
424 3364 488 3427 coos.
506 3365 538 3416 0²
552 3379 615 3429 555.
629 3371 680 3420 285
699 3371 723 3416 51
738 3380 799 3430 555.
813 3372 864 3420 285
875 3381 944 3417 nors.
957 3368 1001 3426 511
1020 3379 1119 3431 pegaso
1139 3369 1165 3417 et
1181 3367 1298 3430 pusione
1314 3365 1358 3426 Cn,

275 3438 369 3499 postea
387 3435 545 3498 Vespasiani
563 3435 675 3499 Augusti
698 3435 865 3499 temporibus
892 3436 993 3499 Pegaso
1017 3439 1043 3485 et
1062 3436 1178 3486 Pusione
1200 3434 1360 3485 consulibus

275 3504 338 3553 1551.
359 3502 370 3565 ΙΙ
389 3508 416 3551 11
439 3503 654 3564 555551551.,555
670 3504 778 3567 (25551.
795 3504 898 3568 01555.
913 3510 965 3558 255
982 3501 992 3570 [Ι
1011 3504 1169 3568 1255515515
1184 3502 1228 3563 0⁰,
1246 3503 1360 3568 perinde

276 3573 337 3622 1551.
362 3572 373 3634 11
399 3576 428 3620 la
448 3586 463 3622 e
485 3572 513 3631 C,
537 3585 586 3625 5115.
608 3574 669 3623 lest.
688 3572 699 3635 11
718 3574 746 3622 15
768 3573 795 3632 G,
822 3575 935 3623 551551.
955 3570 1179 3639 11555155551551.
1206 3575 1250 3634 (55
1272 3585 1360 3622 51555-

276 3641 416 3700 55115558),
438 3641 588 3692 retinendis
604 3641 630 3701 0,
652 3644 719 3703 5555
736 3643 890 3692 uocabulum
908 3656 942 3692 555
958 3644 1110 3706 glossemate
1128 3647 1218 3691 551515
1231 3654 1287 3691 esse
1299 3654 1361 3690 sus-

272 3711 379 3769 5155151
397 3710 539 3760 Mommsen
557 3710 568 3774 ll
594 3714 624 3760 15
643 3724 693 3774 555
713 3710 756 3769 0¹¹,
781 3715 843 3775 post
862 3713 936 3770 lost,
957 3712 1023 3773 conf.
1048 3710 1223 3774 05555281
1241 3716 1360 3761 555515

276 3782 300 3826 51
315 3789 377 3840 555.
392 3782 442 3831 285
455 3792 524 3829 uera.
541 3784 573 3833 12
591 3778 602 3841 ll
622 3784 652 3828 16
672 3781 752 3831 heres
765 3781 839 3839 leat,
854 3793 902 3830 om.
921 3779 1031 3842 Cleuas.
1049 3776 1362 3843 decantaverant

278 3849 308 3893 11
328 3845 480 3909 relinquam
500 3851 603 3911 partem
622 3849 780 3900 hereditatis
797 3851 893 3913 recipit
906 3847 949 3910 Cn,
969 3850 1072 3913 recepit
1083 3852 1189 3913 partem
1201 3847 1361 3898 hereditatis

278 3913 341 3963 1551.
361 3913 372 3976 ll
391 3918 423 3963 22
442 3916 554 3966 eaedem
568 3917 642 3978 lost„
662 3919 757 3968 eadem
774 3917 793 3968 C
810 3918 821 3980 11
841 3921 871 3966 23
891 3916 1095 3968 fideicommissi
1113 3930 1196 3967 causa
1217 3916 1261 3974 (2¹¹,
1282 3915 1361 3966 fidei-

277 3983 423 4032 commisso
443 3984 505 4035 lost.
528 3986 539 4048 ΙΙ
563 3988 658 4050 5551515
677 3987 814 4048 caesenae,
843 3987 926 4050 555151
948 3985 967 4035 C
989 3985 1000 4047 ΙΙ
1024 3988 1056 4035 21
1080 3990 1110 4036 55
1128 3986 1247 4046 551555,
1271 3989 1303 4034 ut
1321 3987 1361 4035 555

280 4051 314 4102 0¹¹
332 4051 343 4114 11
363 4054 394 4099 25
413 4063 493 4114 quam
507 4053 581 4112 last,
602 4068 673 4119 quan
690 4055 716 4117 G,
736 4055 801 4118 coos.
820 4055 851 4106 0²
866 4069 930 4118 555.
943 4059 995 4108 212
1012 4053 1023 4118 11
1043 4058 1073 4104 21
1093 4053 1194 4113 15550,
1215 4054 1358 4104 55551551.
