<?xml version="1.0" encoding="UTF-8"?>
<!DOCTYPE html PUBLIC "-//W3C//DTD XHTML 1.0 Transitional//EN"
    "http://www.w3.org/TR/xhtml1/DTD/xhtml1-transitional.dtd">
<html xmlns="http://www.w3.org/1999/xhtml" xml:lang="en" lang="en">
 <head>
  <title>
</title>
<meta http-equiv="Content-Type" content="text/html;charset=utf-8" />
  <meta name='ocr-system' content='tesseract 3.04.00' />
  <meta name='ocr-capabilities' content='ocr_page ocr_carea ocr_par ocr_line ocrx_word'/>
</head>
<body>
  <div class='ocr_page' id='page_1' title='image "./gaiinstitutione00krgoog_0074.png"; bbox 0 0 2902 4830; ppageno 0'>
   <div class='ocr_carea' id='block_1_1' title="bbox 452 266 1199 351">
    <p class='ocr_par' dir='ltr' id='par_1_1' title="bbox 452 266 1199 351">
     <span class='ocr_line' id='line_1_1' title="bbox 452 266 1199 351; baseline -0.001 -13"><span class='ocrx_word' id='word_1_1' title='bbox 452 266 453 270; x_wconf 63' lang='grc'>’</span> <span class='ocrx_word' id='word_1_2' title='bbox 510 319 596 329; x_wconf 93' lang='grc'>-</span> <span class='ocrx_word' id='word_1_3' title='bbox 640 283 680 346; x_wconf 86' lang='grc'>39</span> <span class='ocrx_word' id='word_1_4' title='bbox 724 319 809 331; x_wconf 87' lang='grc'>.-</span> <span class='ocrx_word' id='word_1_5' title='bbox 994 285 1199 351; x_wconf 48' lang='lat' dir='ltr'>litote-rsa</span> 
     </span>
    </p>
   </div>
   <div class='ocr_carea' id='block_1_2' title="bbox 417 472 1304 571">
    <p class='ocr_par' dir='ltr' id='par_1_2' title="bbox 417 472 1304 571">
     <span class='ocr_line' id='line_1_2' title="bbox 417 472 1304 571; baseline 0.026 -51"><span class='ocrx_word' id='word_1_6' title='bbox 417 474 444 533; x_wconf 80' lang='grc'>(4</span> <span class='ocrx_word' id='word_1_7' title='bbox 462 485 556 522; x_wconf 88' lang='lat' dir='ltr'>uersus</span> <span class='ocrx_word' id='word_1_8' title='bbox 573 475 601 523; x_wconf 88' lang='lat' dir='ltr'>in</span> <span class='ocrx_word' id='word_1_9' title='bbox 621 472 641 523; x_wconf 87' lang='lat' dir='ltr'><em>C</em></span> <span class='ocrx_word' id='word_1_10' title='bbox 659 474 709 537; x_wconf 74' lang='lat' dir='ltr'>lsai</span> <span class='ocrx_word' id='word_1_11' title='bbox 725 475 865 535; x_wconf 73' lang='lat' dir='ltr'>nequeunt</span> <span class='ocrx_word' id='word_1_12' title='bbox 1210 507 1304 571; x_wconf 51' lang='lat' dir='ltr'>9413st</span> 
     </span>
    </p>
   </div>
   <div class='ocr_carea' id='block_1_3' title="bbox 414 596 1189 742">
    <p class='ocr_par' dir='ltr' id='par_1_3' title="bbox 414 596 1189 742">
     <span class='ocr_line' id='line_1_3' title="bbox 414 596 1189 742; baseline -0.003 -11"><span class='ocrx_word' id='word_1_13' title='bbox 414 681 442 740; x_wconf 77' lang='lat'>(2</span> <span class='ocrx_word' id='word_1_14' title='bbox 460 692 554 729; x_wconf 82' lang='lat' dir='ltr'>uersus</span> <span class='ocrx_word' id='word_1_15' title='bbox 571 682 599 729; x_wconf 91' lang='lat' dir='ltr'>in</span> <span class='ocrx_word' id='word_1_16' title='bbox 620 678 639 729; x_wconf 84' lang='lat' dir='ltr'><strong><em>G</em></strong></span> <span class='ocrx_word' id='word_1_17' title='bbox 657 681 707 742; x_wconf 71' lang='lat' dir='ltr'>topi</span> <span class='ocrx_word' id='word_1_18' title='bbox 723 681 862 742; x_wconf 77' lang='grc'><strong>4444144144)</strong></span> <span class='ocrx_word' id='word_1_19' title='bbox 1110 596 1189 658; x_wconf 62' lang='lat' dir='ltr'><strong>urhe</strong></span> 
     </span>
    </p>
   </div>
   <div class='ocr_carea' id='block_1_4' title="bbox 112 801 674 967">
    <p class='ocr_par' dir='ltr' id='par_1_4' title="bbox 112 801 674 967">
     <span class='ocr_line' id='line_1_4' title="bbox 112 801 466 863; baseline 0.006 -2"><span class='ocrx_word' id='word_1_20' title='bbox 112 801 259 861; x_wconf 91' lang='lat' dir='ltr'>——in</span> <span class='ocrx_word' id='word_1_21' title='bbox 275 801 355 862; x_wconf 89' lang='lat' dir='ltr'>urbe</span> <span class='ocrx_word' id='word_1_22' title='bbox 370 801 466 863; x_wconf 88' lang='lat' dir='ltr'>Roma</span> 
     </span>
     <span class='ocr_line' id='line_1_5' title="bbox 112 887 674 967; baseline 0.002 -20"><span class='ocrx_word' id='word_1_23' title='bbox 112 887 381 967; x_wconf 81' lang='lat' dir='ltr'>————itaque</span> <span class='ocrx_word' id='word_1_24' title='bbox 396 896 433 949; x_wconf 89' lang='lat' dir='ltr'>ut</span> <span class='ocrx_word' id='word_1_25' title='bbox 448 895 674 949; x_wconf 89' lang='lat' dir='ltr'>seru—-est</span> 
     </span>
    </p>
   </div>
   <div class='ocr_carea' id='block_1_5' title="bbox 111 1009 465 1020">
    <p class='ocr_par' dir='ltr' id='par_1_5' title="bbox 111 1009 465 1020">
     <span class='ocr_line' id='line_1_6' title="bbox 111 1009 465 1020; baseline -0.008 -1"><span class='ocrx_word' id='word_1_26' title='bbox 111 1009 465 1020; x_wconf 47' lang='lat' dir='ltr'>——w</span> 
     </span>
    </p>
   </div>
   <div class='ocr_carea' id='block_1_6' title="bbox 407 1067 882 1208">
    <p class='ocr_par' dir='ltr' id='par_1_6' title="bbox 407 1067 882 1208">
     <span class='ocr_line' id='line_1_7' title="bbox 407 1067 882 1208; baseline -0.006 -11"><span class='ocrx_word' id='word_1_27' title='bbox 407 1163 409 1167; x_wconf 57' lang='lat'><strong><em>¹</em></strong></span> <span class='ocrx_word' id='word_1_28' title='bbox 435 1147 462 1204; x_wconf 80' lang='lat'>(2</span> <span class='ocrx_word' id='word_1_29' title='bbox 480 1157 574 1194; x_wconf 87' lang='lat' dir='ltr'>uersus</span> <span class='ocrx_word' id='word_1_30' title='bbox 590 1067 726 1208; x_wconf 61' lang='lat' dir='ltr'>isnmdtteai</span> <span class='ocrx_word' id='word_1_31' title='bbox 742 1146 882 1206; x_wconf 73' lang='lat' dir='ltr'>aequum)</span> 
     </span>
    </p>
   </div>
   <div class='ocr_carea' id='block_1_7' title="bbox 94 1286 976 1417">
    <p class='ocr_par' dir='ltr' id='par_1_7' title="bbox 94 1286 976 1417">
     <span class='ocr_line' id='line_1_8' title="bbox 907 1286 976 1329; baseline 0 0"><span class='ocrx_word' id='word_1_32' title='bbox 907 1286 976 1329; x_wconf 88' lang='lat' dir='ltr'>asse</span> 
     </span>
     <span class='ocr_line' id='line_1_9' title="bbox 94 1356 259 1417; baseline 0 0"><span class='ocrx_word' id='word_1_33' title='bbox 94 1365 97 1370; x_wconf 83' lang='lat'>&#39;</span> <span class='ocrx_word' id='word_1_34' title='bbox 110 1356 259 1417; x_wconf 90' lang='lat' dir='ltr'>—simile</span> 
     </span>
    </p>
   </div>
   <div class='ocr_carea' id='block_1_8' title="bbox 64 1611 1300 2898">
    <p class='ocr_par' dir='ltr' id='par_1_8' title="bbox 64 1611 1196 1780">
     <span class='ocr_line' id='line_1_10' title="bbox 64 1611 1196 1694; baseline 0.001 -22"><span class='ocrx_word' id='word_1_35' title='bbox 64 1625 84 1685; x_wconf 83' lang='lat'>5</span> <span class='ocrx_word' id='word_1_36' title='bbox 198 1614 245 1672; x_wconf 85' lang='lat' dir='ltr'>Ex</span> <span class='ocrx_word' id='word_1_37' title='bbox 267 1611 377 1674; x_wconf 88' lang='lat' dir='ltr'>eadem</span> <span class='ocrx_word' id='word_1_38' title='bbox 400 1612 471 1691; x_wconf 79' lang='lat' dir='ltr'>lege</span> <span class='ocrx_word' id='word_1_39' title='bbox 493 1613 539 1672; x_wconf 68' lang='lat' dir='ltr'>{cd</span> <span class='ocrx_word' id='word_1_40' title='bbox 561 1612 740 1675; x_wconf 90' lang='lat' dir='ltr'>tabularum</span> <span class='ocrx_word' id='word_1_41' title='bbox 756 1611 941 1674; x_wconf 88' lang='lat' dir='ltr'>libertarum</span> <span class='ocrx_word' id='word_1_42' title='bbox 957 1621 989 1674; x_wconf 93' lang='lat' dir='ltr'>et</span> <span class='ocrx_word' id='word_1_43' title='bbox 1004 1614 1196 1694; x_wconf 90' lang='lat' dir='ltr'>inpuberum</span> 
     </span>
     <span class='ocr_line' id='line_1_11' title="bbox 109 1697 1194 1780; baseline 0.001 -21"><span class='ocrx_word' id='word_1_44' title='bbox 109 1697 296 1760; x_wconf 88' lang='lat' dir='ltr'>libertorum</span> <span class='ocrx_word' id='word_1_45' title='bbox 325 1699 425 1760; x_wconf 87' lang='lat' dir='ltr'>tutela</span> <span class='ocrx_word' id='word_1_46' title='bbox 454 1697 495 1759; x_wconf 94' lang='lat' dir='ltr'>ad</span> <span class='ocrx_word' id='word_1_47' title='bbox 526 1708 674 1779; x_wconf 93' lang='lat' dir='ltr'>patronos</span> <span class='ocrx_word' id='word_1_48' title='bbox 702 1698 884 1778; x_wconf 85' lang='lat' dir='ltr'>liberosque</span> <span class='ocrx_word' id='word_1_49' title='bbox 908 1718 1016 1760; x_wconf 83' lang='lat' dir='ltr'>aarum</span> <span class='ocrx_word' id='word_1_50' title='bbox 1044 1701 1194 1780; x_wconf 76' lang='lat' dir='ltr'><strong>pertinet.</strong></span> 
     </span>
    </p>

    <p class='ocr_par' dir='ltr' id='par_1_9' title="bbox 64 1783 1300 2464">
     <span class='ocr_line' id='line_1_12' title="bbox 64 1783 1246 1865; baseline -0.004 -16"><span class='ocrx_word' id='word_1_51' title='bbox 64 1845 66 1849; x_wconf 76' lang='grc'>,</span> <span class='ocrx_word' id='word_1_52' title='bbox 110 1803 194 1864; x_wconf 89' lang='lat' dir='ltr'>quae</span> <span class='ocrx_word' id='word_1_53' title='bbox 216 1792 248 1845; x_wconf 91' lang='lat' dir='ltr'>et</span> <span class='ocrx_word' id='word_1_54' title='bbox 269 1783 340 1864; x_wconf 92' lang='lat' dir='ltr'>ipsa</span> <span class='ocrx_word' id='word_1_55' title='bbox 362 1785 462 1845; x_wconf 90' lang='lat' dir='ltr'>tutela</span> <span class='ocrx_word' id='word_1_56' title='bbox 484 1785 625 1865; x_wconf 80' lang='lat' dir='ltr'>legitima</span> <span class='ocrx_word' id='word_1_57' title='bbox 640 1794 781 1864; x_wconf 91' lang='lat' dir='ltr'>uocatur,</span> <span class='ocrx_word' id='word_1_58' title='bbox 801 1803 863 1845; x_wconf 89' lang='lat' dir='ltr'>non</span> <span class='ocrx_word' id='word_1_59' title='bbox 878 1787 951 1865; x_wconf 79' lang='lat' dir='ltr'>quia</span> <span class='ocrx_word' id='word_1_60' title='bbox 965 1786 1142 1847; x_wconf 85' lang='lat' dir='ltr'>nominatim</span> <span class='ocrx_word' id='word_1_61' title='bbox 1160 1805 1197 1847; x_wconf 87' lang='lat' dir='ltr'>ea</span> <span class='ocrx_word' id='word_1_62' title='bbox 1217 1799 1246 1844; x_wconf 84' lang='lat' dir='ltr'>ts</span> 
     </span>
     <span class='ocr_line' id='line_1_13' title="bbox 109 1869 1196 1952; baseline 0.002 -21"><span class='ocrx_word' id='word_1_63' title='bbox 109 1871 181 1951; x_wconf 77' lang='lat' dir='ltr'>lege</span> <span class='ocrx_word' id='word_1_64' title='bbox 205 1869 244 1932; x_wconf 88' lang='lat' dir='ltr'>de</span> <span class='ocrx_word' id='word_1_65' title='bbox 266 1871 324 1931; x_wconf 87' lang='lat' dir='ltr'>has</span> <span class='ocrx_word' id='word_1_66' title='bbox 354 1871 454 1932; x_wconf 89' lang='lat' dir='ltr'>tutela</span> <span class='ocrx_word' id='word_1_67' title='bbox 484 1878 626 1950; x_wconf 90' lang='lat' dir='ltr'>cauetur,</span> <span class='ocrx_word' id='word_1_68' title='bbox 661 1871 715 1933; x_wconf 91' lang='lat' dir='ltr'>sed</span> <span class='ocrx_word' id='word_1_69' title='bbox 743 1872 819 1951; x_wconf 90' lang='lat' dir='ltr'>quia</span> <span class='ocrx_word' id='word_1_70' title='bbox 840 1870 975 1951; x_wconf 82' lang='lat' dir='ltr'>proinde</span> <span class='ocrx_word' id='word_1_71' title='bbox 998 1880 1126 1952; x_wconf 93' lang='lat' dir='ltr'>accepta</span> <span class='ocrx_word' id='word_1_72' title='bbox 1149 1882 1196 1933; x_wconf 91' lang='lat' dir='ltr'>est</span> 
     </span>
     <span class='ocr_line' id='line_1_14' title="bbox 108 1957 1194 2037; baseline 0 -19"><span class='ocrx_word' id='word_1_73' title='bbox 108 1975 169 2037; x_wconf 87' lang='lat' dir='ltr'>por</span> <span class='ocrx_word' id='word_1_74' title='bbox 184 1957 488 2036; x_wconf 83' lang='lat' dir='ltr'>interpretationem,</span> <span class='ocrx_word' id='word_1_75' title='bbox 512 1964 605 2036; x_wconf 88' lang='lat' dir='ltr'>atque</span> <span class='ocrx_word' id='word_1_76' title='bbox 621 1957 649 2018; x_wconf 92' lang='lat' dir='ltr'>si</span> <span class='ocrx_word' id='word_1_77' title='bbox 671 1957 780 2019; x_wconf 88' lang='lat' dir='ltr'>uerbis</span> <span class='ocrx_word' id='word_1_78' title='bbox 802 1957 883 2037; x_wconf 80' lang='lat' dir='ltr'>legis</span> <span class='ocrx_word' id='word_1_79' title='bbox 906 1957 1079 2020; x_wconf 89' lang='lat' dir='ltr'>introducta</span> <span class='ocrx_word' id='word_1_80' title='bbox 1098 1968 1194 2019; x_wconf 86' lang='lat' dir='ltr'>asset.</span> 
     </span>
     <span class='ocr_line' id='line_1_15' title="bbox 109 2043 1192 2123; baseline 0.001 -19"><span class='ocrx_word' id='word_1_81' title='bbox 109 2061 147 2104; x_wconf 94' lang='lat' dir='ltr'>eo</span> <span class='ocrx_word' id='word_1_82' title='bbox 170 2043 257 2105; x_wconf 89' lang='lat' dir='ltr'>enim</span> <span class='ocrx_word' id='word_1_83' title='bbox 280 2043 359 2123; x_wconf 91' lang='lat' dir='ltr'>ipso,</span> <span class='ocrx_word' id='word_1_84' title='bbox 396 2043 475 2122; x_wconf 83' lang='lat' dir='ltr'>quad</span> <span class='ocrx_word' id='word_1_85' title='bbox 498 2043 685 2104; x_wconf 82' lang='lat' dir='ltr'>hereditates</span> <span class='ocrx_word' id='word_1_86' title='bbox 713 2044 902 2105; x_wconf 89' lang='lat' dir='ltr'>libertorum</span> <span class='ocrx_word' id='word_1_87' title='bbox 929 2045 1192 2123; x_wconf 80' lang='lat' dir='ltr'>libertanumque,</span> 
     </span>
     <span class='ocr_line' id='line_1_16' title="bbox 108 2127 1300 2210; baseline -0.001 -20"><span class='ocrx_word' id='word_1_88' title='bbox 108 2129 137 2190; x_wconf 92' lang='lat' dir='ltr'>si</span> <span class='ocrx_word' id='word_1_89' title='bbox 153 2127 166 2210; x_wconf 76' lang='grc' dir='ltr'>ΙΙ</span> <span class='ocrx_word' id='word_1_90' title='bbox 182 2129 322 2190; x_wconf 91' lang='lat' dir='ltr'>intestati</span> <span class='ocrx_word' id='word_1_91' title='bbox 345 2128 567 2208; x_wconf 79' lang='lat' dir='ltr'>decessissent,</span> <span class='ocrx_word' id='word_1_92' title='bbox 592 2129 728 2191; x_wconf 87' lang='lat' dir='ltr'>iusserat</span> <span class='ocrx_word' id='word_1_93' title='bbox 749 2130 802 2190; x_wconf 87' lang='lat' dir='ltr'>lex</span> <span class='ocrx_word' id='word_1_94' title='bbox 817 2129 858 2191; x_wconf 92' lang='lat' dir='ltr'>ad</span> <span class='ocrx_word' id='word_1_95' title='bbox 872 2139 1020 2210; x_wconf 88' lang='lat' dir='ltr'>patronos</span> <span class='ocrx_word' id='word_1_96' title='bbox 1036 2130 1195 2192; x_wconf 90' lang='lat' dir='ltr'>liberosue</span> <span class='ocrx_word' id='word_1_97' title='bbox 1205 2143 1300 2205; x_wconf 63' lang='lat' dir='ltr'>papie</span> 
     </span>
     <span class='ocr_line' id='line_1_17' title="bbox 108 2213 1246 2296; baseline -0.001 -20"><span class='ocrx_word' id='word_1_98' title='bbox 108 2233 219 2276; x_wconf 87' lang='lat' dir='ltr'>eorum</span> <span class='ocrx_word' id='word_1_99' title='bbox 242 2215 415 2294; x_wconf 87' lang='lat' dir='ltr'>pertinere,</span> <span class='ocrx_word' id='word_1_100' title='bbox 442 2213 648 2277; x_wconf 86' lang='lat' dir='ltr'>crediderunt</span> <span class='ocrx_word' id='word_1_101' title='bbox 669 2224 796 2277; x_wconf 85' lang='lat' dir='ltr'>ueteres</span> <span class='ocrx_word' id='word_1_102' title='bbox 819 2215 960 2277; x_wconf 87' lang='lat' dir='ltr'>uoluisse</span> <span class='ocrx_word' id='word_1_103' title='bbox 983 2216 1086 2296; x_wconf 78' lang='lat' dir='ltr'>legem</span> <span class='ocrx_word' id='word_1_104' title='bbox 1101 2217 1196 2278; x_wconf 88' lang='lat' dir='ltr'>etiam</span> <span class='ocrx_word' id='word_1_105' title='bbox 1214 2231 1246 2276; x_wconf 80' lang='lat' dir='ltr'>aa</span> 
     </span>
     <span class='ocr_line' id='line_1_18' title="bbox 107 2299 1195 2381; baseline -0.001 -19"><span class='ocrx_word' id='word_1_106' title='bbox 107 2301 227 2362; x_wconf 89' lang='lat' dir='ltr'>tutelas</span> <span class='ocrx_word' id='word_1_107' title='bbox 250 2299 291 2363; x_wconf 92' lang='lat' dir='ltr'>ad</span> <span class='ocrx_word' id='word_1_108' title='bbox 313 2319 366 2362; x_wconf 91' lang='lat' dir='ltr'>eos</span> <span class='ocrx_word' id='word_1_109' title='bbox 388 2301 560 2381; x_wconf 90' lang='lat' dir='ltr'>pertinere,</span> <span class='ocrx_word' id='word_1_110' title='bbox 594 2301 671 2380; x_wconf 91' lang='lat' dir='ltr'>quia</span> <span class='ocrx_word' id='word_1_111' title='bbox 694 2310 725 2362; x_wconf 92' lang='lat' dir='ltr'>et</span> <span class='ocrx_word' id='word_1_112' title='bbox 747 2308 875 2379; x_wconf 81' lang='lat' dir='ltr'>agnatos</span> <span class='ocrx_word' id='word_1_113' title='bbox 899 2319 978 2380; x_wconf 88' lang='lat' dir='ltr'>quos</span> <span class='ocrx_word' id='word_1_114' title='bbox 1001 2301 1041 2362; x_wconf 92' lang='lat' dir='ltr'>ad</span> <span class='ocrx_word' id='word_1_115' title='bbox 1064 2301 1195 2363; x_wconf 90' lang='lat' dir='ltr'>heredi-</span> 
     </span>
     <span class='ocr_line' id='line_1_19' title="bbox 108 2386 987 2464; baseline -0.002 -16"><span class='ocrx_word' id='word_1_116' title='bbox 108 2395 207 2448; x_wconf 91' lang='lat' dir='ltr'>tatem</span> <span class='ocrx_word' id='word_1_117' title='bbox 230 2387 368 2464; x_wconf 89' lang='lat' dir='ltr'>uocauit,</span> <span class='ocrx_word' id='word_1_118' title='bbox 400 2386 526 2448; x_wconf 88' lang='lat' dir='ltr'>easdam</span> <span class='ocrx_word' id='word_1_119' title='bbox 549 2394 581 2447; x_wconf 87' lang='lat' dir='ltr'>et</span> <span class='ocrx_word' id='word_1_120' title='bbox 602 2394 723 2450; x_wconf 85' lang='lat' dir='ltr'>tutores</span> <span class='ocrx_word' id='word_1_121' title='bbox 746 2404 816 2447; x_wconf 89' lang='lat' dir='ltr'>esse</span> <span class='ocrx_word' id='word_1_122' title='bbox 839 2387 987 2448; x_wconf 86' lang='lat' dir='ltr'>iusserat.</span> 
     </span>
    </p>

    <p class='ocr_par' dir='ltr' id='par_1_10' title="bbox 66 2467 1245 2898">
     <span class='ocr_line' id='line_1_20' title="bbox 66 2467 1196 2556; baseline -0.002 -22"><span class='ocrx_word' id='word_1_123' title='bbox 66 2487 84 2546; x_wconf 80' lang='grc'><strong>6</strong></span> <span class='ocrx_word' id='word_1_124' title='bbox 195 2473 348 2553; x_wconf 84' lang='lat' dir='ltr'>Exemplo</span> <span class='ocrx_word' id='word_1_125' title='bbox 364 2480 569 2552; x_wconf 90' lang='lat' dir='ltr'>patronorum</span> <span class='ocrx_word' id='word_1_126' title='bbox 583 2480 723 2552; x_wconf 89' lang='lat' dir='ltr'>receptae</span> <span class='ocrx_word' id='word_1_127' title='bbox 733 2467 822 2556; x_wconf 82' lang='lat' dir='ltr'>&lt;sunt</span> <span class='ocrx_word' id='word_1_128' title='bbox 835 2478 864 2532; x_wconf 92' lang='lat' dir='ltr'>et</span> <span class='ocrx_word' id='word_1_129' title='bbox 874 2472 955 2533; x_wconf 88' lang='lat' dir='ltr'>aliae</span> <span class='ocrx_word' id='word_1_130' title='bbox 977 2471 1096 2546; x_wconf 85' lang='lat' dir='ltr'>tutelae,</span> <span class='ocrx_word' id='word_1_131' title='bbox 1119 2491 1196 2553; x_wconf 86' lang='lat' dir='ltr'>quae</span> 
     </span>
     <span class='ocr_line' id='line_1_21' title="bbox 108 2557 1196 2641; baseline -0.001 -21"><span class='ocrx_word' id='word_1_132' title='bbox 108 2566 137 2620; x_wconf 91' lang='lat' dir='ltr'>et</span> <span class='ocrx_word' id='word_1_133' title='bbox 150 2560 237 2640; x_wconf 82' lang='lat' dir='ltr'>ipsae</span> <span class='ocrx_word' id='word_1_134' title='bbox 253 2559 402 2641; x_wconf 81' lang='lat' dir='ltr'>lepitimae</span> <span class='ocrx_word' id='word_1_135' title='bbox 416 2565 577 2619; x_wconf 88' lang='lat' dir='ltr'>uocantur.</span> <span class='ocrx_word' id='word_1_136' title='bbox 609 2576 682 2618; x_wconf 88' lang='lat' dir='ltr'>nam</span> <span class='ocrx_word' id='word_1_137' title='bbox 701 2559 730 2619; x_wconf 94' lang='lat' dir='ltr'>si</span> <span class='ocrx_word' id='word_1_138' title='bbox 752 2559 819 2637; x_wconf 85' lang='lat' dir='ltr'>quis</span> <span class='ocrx_word' id='word_1_139' title='bbox 838 2557 936 2637; x_wconf 76' lang='lat' dir='ltr'>filiurn</span> <span class='ocrx_word' id='word_1_140' title='bbox 958 2564 1131 2636; x_wconf 85' lang='lat' dir='ltr'>nepotemue</span> <span class='ocrx_word' id='word_1_141' title='bbox 1154 2575 1196 2619; x_wconf 88' lang='lat' dir='ltr'>eac</span> 
     </span>
     <span class='ocr_line' id='line_1_22' title="bbox 104 2642 1245 2725; baseline -0.002 -19"><span class='ocrx_word' id='word_1_142' title='bbox 104 2645 168 2725; x_wconf 77' lang='lat' dir='ltr'>filio</span> <span class='ocrx_word' id='word_1_143' title='bbox 184 2651 214 2706; x_wconf 88' lang='lat' dir='ltr'>et</span> <span class='ocrx_word' id='word_1_144' title='bbox 227 2644 367 2725; x_wconf 79' lang='lat' dir='ltr'>deinceps</span> <span class='ocrx_word' id='word_1_145' title='bbox 378 2643 550 2724; x_wconf 90' lang='lat' dir='ltr'>inpuberes,</span> <span class='ocrx_word' id='word_1_146' title='bbox 578 2650 632 2705; x_wconf 91' lang='lat' dir='ltr'>aut</span> <span class='ocrx_word' id='word_1_147' title='bbox 643 2643 740 2723; x_wconf 79' lang='lat' dir='ltr'>filiam</span> <span class='ocrx_word' id='word_1_148' title='bbox 761 2649 918 2723; x_wconf 85' lang='lat' dir='ltr'>neptemue</span> <span class='ocrx_word' id='word_1_149' title='bbox 932 2661 975 2704; x_wconf 87' lang='lat' dir='ltr'>eac</span> <span class='ocrx_word' id='word_1_150' title='bbox 987 2643 1049 2723; x_wconf 83' lang='lat' dir='ltr'>filio</span> <span class='ocrx_word' id='word_1_151' title='bbox 1066 2650 1093 2704; x_wconf 91' lang='lat' dir='ltr'>et</span> <span class='ocrx_word' id='word_1_152' title='bbox 1107 2642 1195 2704; x_wconf 90' lang='lat' dir='ltr'>dein·</span> <span class='ocrx_word' id='word_1_153' title='bbox 1214 2658 1245 2704; x_wconf 79' lang='lat'>25</span> 
     </span>
     <span class='ocr_line' id='line_1_23' title="bbox 108 2728 1192 2812; baseline -0.002 -20"><span class='ocrx_word' id='word_1_154' title='bbox 108 2749 177 2812; x_wconf 87' lang='lat' dir='ltr'>ceps</span> <span class='ocrx_word' id='word_1_155' title='bbox 189 2738 253 2793; x_wconf 88' lang='lat' dir='ltr'>tarn</span> <span class='ocrx_word' id='word_1_156' title='bbox 262 2730 393 2810; x_wconf 80' lang='lat' dir='ltr'>puberes</span> <span class='ocrx_word' id='word_1_157' title='bbox 402 2748 495 2810; x_wconf 83' lang='lat' dir='ltr'>quarn</span> <span class='ocrx_word' id='word_1_158' title='bbox 506 2729 666 2810; x_wconf 76' lang='lat' dir='ltr'>inpuberes</span> <span class='ocrx_word' id='word_1_159' title='bbox 678 2730 772 2791; x_wconf 87' lang='lat' dir='ltr'>alteri</span> <span class='ocrx_word' id='word_1_160' title='bbox 782 2748 818 2790; x_wconf 92' lang='lat' dir='ltr'>ea</span> <span class='ocrx_word' id='word_1_161' title='bbox 831 2728 893 2811; x_wconf 73' lang='grc'><strong>4494</strong></span> <span class='ocrx_word' id='word_1_162' title='bbox 904 2729 1053 2808; x_wconf 80' lang='lat' dir='ltr'>mancipio</span> <span class='ocrx_word' id='word_1_163' title='bbox 1066 2728 1192 2808; x_wconf 79' lang='lat' dir='ltr'>dederit,</span> 
     </span>
     <span class='ocr_line' id='line_1_24' title="bbox 107 2816 1195 2898; baseline -0.003 -19"><span class='ocrx_word' id='word_1_164' title='bbox 107 2824 143 2879; x_wconf 90' lang='lat' dir='ltr'>ut</span> <span class='ocrx_word' id='word_1_165' title='bbox 149 2816 210 2879; x_wconf 86' lang='lat' dir='ltr'>sibi</span> <span class='ocrx_word' id='word_1_166' title='bbox 215 2818 514 2898; x_wconf 85' lang='lat' dir='ltr'>remanciparentur,</span> <span class='ocrx_word' id='word_1_167' title='bbox 526 2816 804 2896; x_wconf 81' lang='lat' dir='ltr'>remancipatosque</span> <span class='ocrx_word' id='word_1_168' title='bbox 812 2817 1033 2894; x_wconf 81' lang='lat' dir='ltr'>manumiserit,</span> <span class='ocrx_word' id='word_1_169' title='bbox 1046 2816 1195 2897; x_wconf 74' lang='lat' dir='ltr'>lepitimus</span> 
     </span>
    </p>
   </div>
   <div class='ocr_carea' id='block_1_9' title="bbox 107 3081 1194 3215">
    <p class='ocr_par' dir='ltr' id='par_1_11' title="bbox 107 3081 1194 3215">
     <span class='ocr_line' id='line_1_25' title="bbox 177 3081 1194 3147; baseline 0.001 -17"><span class='ocrx_word' id='word_1_170' title='bbox 177 3081 252 3146; x_wconf 79' lang='lat' dir='ltr'>§tat</span> <span class='ocrx_word' id='word_1_171' title='bbox 273 3102 305 3144; x_wconf 76' lang='lat'>=</span> <span class='ocrx_word' id='word_1_172' title='bbox 324 3082 386 3132; x_wconf 89' lang='lat' dir='ltr'>last.</span> <span class='ocrx_word' id='word_1_173' title='bbox 403 3085 426 3143; x_wconf 86' lang='lat' dir='ltr'>t,</span> <span class='ocrx_word' id='word_1_174' title='bbox 442 3085 472 3131; x_wconf 83' lang='grc'>47</span> <span class='ocrx_word' id='word_1_175' title='bbox 491 3081 502 3146; x_wconf 77' lang='lat' dir='ltr'>l}</span> <span class='ocrx_word' id='word_1_176' title='bbox 521 3081 595 3147; x_wconf 76' lang='lat' dir='ltr'>§tat</span> <span class='ocrx_word' id='word_1_177' title='bbox 615 3082 755 3145; x_wconf 86' lang='lat' dir='ltr'>usquead</span> <span class='ocrx_word' id='word_1_178' title='bbox 774 3086 806 3130; x_wconf 75' lang='lat'>25</span> <span class='ocrx_word' id='word_1_179' title='bbox 824 3084 962 3145; x_wconf 77' lang='lat' dir='ltr'>inpuberes</span> <span class='ocrx_word' id='word_1_180' title='bbox 983 3083 1090 3133; x_wconf 82' lang='lat' dir='ltr'>atinde</span> <span class='ocrx_word' id='word_1_181' title='bbox 1109 3083 1144 3134; x_wconf 92' lang='lat' dir='ltr'>ab</span> <span class='ocrx_word' id='word_1_182' title='bbox 1162 3086 1194 3131; x_wconf 74' lang='lat' dir='ltr'>it</span> 
     </span>
     <span class='ocr_line' id='line_1_26' title="bbox 107 3151 859 3215; baseline 0.004 -14"><span class='ocrx_word' id='word_1_183' title='bbox 107 3152 237 3215; x_wconf 71' lang='lat' dir='ltr'>lepitimus</span> <span class='ocrx_word' id='word_1_184' title='bbox 254 3164 342 3215; x_wconf 92' lang='lat' dir='ltr'>usque</span> <span class='ocrx_word' id='word_1_185' title='bbox 360 3151 395 3201; x_wconf 89' lang='lat' dir='ltr'>ad</span> <span class='ocrx_word' id='word_1_186' title='bbox 416 3153 457 3212; x_wconf 79' lang='lat' dir='ltr'>ta,</span> <span class='ocrx_word' id='word_1_187' title='bbox 473 3155 483 3200; x_wconf 98' lang='grc'>4</span> <span class='ocrx_word' id='word_1_188' title='bbox 507 3154 555 3201; x_wconf 87' lang='lat' dir='ltr'>erit</span> <span class='ocrx_word' id='word_1_189' title='bbox 573 3151 628 3202; x_wconf 83' lang='lat' dir='ltr'>iare</span> <span class='ocrx_word' id='word_1_190' title='bbox 648 3171 679 3194; x_wconf 89' lang='lat'>=</span> <span class='ocrx_word' id='word_1_191' title='bbox 698 3151 762 3202; x_wconf 88' lang='lat' dir='ltr'>last.</span> <span class='ocrx_word' id='word_1_192' title='bbox 778 3155 801 3213; x_wconf 90' lang='grc'>4,</span> <span class='ocrx_word' id='word_1_193' title='bbox 818 3155 859 3204; x_wconf 89' lang='grc'>48.</span> 
     </span>
    </p>
   </div>
   <div class='ocr_carea' id='block_1_10' title="bbox 106 3293 1196 3311">
    <p class='ocr_par' dir='ltr' id='par_1_12' title="bbox 106 3293 1196 3311">
     <span class='ocr_line' id='line_1_27' title="bbox 106 3293 1196 3311; baseline -0.006 0"><span class='ocrx_word' id='word_1_194' title='bbox 106 3294 558 3311; x_wconf 52' lang='grc' dir='ltr'>ᾺΛΑΛΛΑΝΝἋΝᾺΝΝΝΝΛΝΝΝΨΜΝΆ</span> <span class='ocrx_word' id='word_1_195' title='bbox 912 3293 1140 3310; x_wconf 62' lang='grc' dir='ltr'>νννχΛΛΛΑΛΛΛΛΛΛ</span> <span class='ocrx_word' id='word_1_196' title='bbox 1145 3293 1196 3309; x_wconf 49' lang='grc' dir='ltr'>ων»</span> 
     </span>
    </p>
   </div>
   <div class='ocr_carea' id='block_1_11' title="bbox 107 3398 1206 4148">
    <p class='ocr_par' dir='ltr' id='par_1_13' title="bbox 107 3398 1206 4148">
     <span class='ocr_line' id='line_1_28' title="bbox 178 3398 1195 3462; baseline -0.003 -15"><span class='ocrx_word' id='word_1_197' title='bbox 178 3403 188 3448; x_wconf 91' lang='grc'>4</span> <span class='ocrx_word' id='word_1_198' title='bbox 211 3399 389 3447; x_wconf 83' lang='lat' dir='ltr'>uerisimiliter</span> <span class='ocrx_word' id='word_1_199' title='bbox 407 3399 513 3446; x_wconf 87' lang='lat' dir='ltr'>coniecit</span> <span class='ocrx_word' id='word_1_200' title='bbox 531 3398 646 3462; x_wconf 73' lang='lat' dir='ltr'>Hottaoep</span> <span class='ocrx_word' id='word_1_201' title='bbox 667 3399 761 3449; x_wconf 82' lang='lat' dir='ltr'>Gaium</span> <span class='ocrx_word' id='word_1_202' title='bbox 785 3400 816 3448; x_wconf 90' lang='lat' dir='ltr'>de</span> <span class='ocrx_word' id='word_1_203' title='bbox 833 3399 948 3462; x_wconf 78' lang='lat' dir='ltr'>tepitima</span> <span class='ocrx_word' id='word_1_204' title='bbox 964 3399 1097 3462; x_wconf 76' lang='lat' dir='ltr'>partilium</span> <span class='ocrx_word' id='word_1_205' title='bbox 1115 3399 1195 3446; x_wconf 88' lang='lat' dir='ltr'>tutela</span> 
     </span>
     <span class='ocr_line' id='line_1_29' title="bbox 109 3467 1195 3532; baseline -0.004 -15"><span class='ocrx_word' id='word_1_206' title='bbox 109 3470 191 3532; x_wconf 75' lang='lat' dir='ltr'>eaisse</span> <span class='ocrx_word' id='word_1_207' title='bbox 210 3471 287 3528; x_wconf 80' lang='lat' dir='ltr'>atque</span> <span class='ocrx_word' id='word_1_208' title='bbox 304 3467 372 3515; x_wconf 84' lang='lat' dir='ltr'>buna</span> <span class='ocrx_word' id='word_1_209' title='bbox 390 3468 473 3515; x_wconf 85' lang='lat' dir='ltr'>tecum</span> <span class='ocrx_word' id='word_1_210' title='bbox 491 3479 550 3515; x_wconf 85' lang='lat' dir='ltr'>eunt</span> <span class='ocrx_word' id='word_1_211' title='bbox 567 3481 632 3527; x_wconf 85' lang='lat' dir='ltr'>esse,</span> <span class='ocrx_word' id='word_1_212' title='bbox 658 3469 692 3516; x_wconf 86' lang='lat' dir='ltr'>ad</span> <span class='ocrx_word' id='word_1_213' title='bbox 710 3480 785 3529; x_wconf 80' lang='lat' dir='ltr'>quent</span> <span class='ocrx_word' id='word_1_214' title='bbox 802 3469 882 3516; x_wconf 87' lang='lat' dir='ltr'>tector</span> <span class='ocrx_word' id='word_1_215' title='bbox 899 3481 916 3516; x_wconf 90' lang='lat' dir='ltr'>a</span> <span class='ocrx_word' id='word_1_216' title='bbox 937 3467 1001 3517; x_wconf 83' lang='lat' dir='ltr'>Gaia</span> <span class='ocrx_word' id='word_1_217' title='bbox 1012 3471 1039 3525; x_wconf 75' lang='lat'>5,</span> <span class='ocrx_word' id='word_1_218' title='bbox 1055 3468 1086 3515; x_wconf 88' lang='grc'>47</span> <span class='ocrx_word' id='word_1_219' title='bbox 1103 3468 1195 3514; x_wconf 85' lang='lat' dir='ltr'>reatit-</span> 
     </span>
     <span class='ocr_line' id='line_1_30' title="bbox 108 3535 1194 3599; baseline -0.004 -13"><span class='ocrx_word' id='word_1_220' title='bbox 108 3538 173 3586; x_wconf 80' lang='lat' dir='ltr'>titur</span> <span class='ocrx_word' id='word_1_221' title='bbox 180 3552 188 3595; x_wconf 89' lang='lat'><em>;</em></span> <span class='ocrx_word' id='word_1_222' title='bbox 208 3537 270 3598; x_wconf 83' lang='lat' dir='ltr'>quid</span> <span class='ocrx_word' id='word_1_223' title='bbox 288 3537 408 3596; x_wconf 85' lang='lat' dir='ltr'>deinceps</span> <span class='ocrx_word' id='word_1_224' title='bbox 426 3539 543 3584; x_wconf 82' lang='lat' dir='ltr'>secutum</span> <span class='ocrx_word' id='word_1_225' title='bbox 560 3539 602 3594; x_wconf 82' lang='lat' dir='ltr'>sit,</span> <span class='ocrx_word' id='word_1_226' title='bbox 622 3538 736 3586; x_wconf 88' lang='lat' dir='ltr'>nescitur</span> <span class='ocrx_word' id='word_1_227' title='bbox 753 3535 764 3599; x_wconf 76' lang='lat' dir='ltr'>u</span> <span class='ocrx_word' id='word_1_228' title='bbox 784 3538 883 3583; x_wconf 82' lang='lat' dir='ltr'>ta-tt</span> <span class='ocrx_word' id='word_1_229' title='bbox 902 3536 1048 3585; x_wconf 88' lang='lat' dir='ltr'>liberarum</span> <span class='ocrx_word' id='word_1_230' title='bbox 1068 3536 1094 3583; x_wconf 84' lang='lat' dir='ltr'>et</span> <span class='ocrx_word' id='word_1_231' title='bbox 1113 3535 1194 3597; x_wconf 90' lang='lat' dir='ltr'>inpu-</span> 
     </span>
     <span class='ocr_line' id='line_1_31' title="bbox 107 3602 1195 3666; baseline -0.004 -11"><span class='ocrx_word' id='word_1_232' title='bbox 107 3603 205 3655; x_wconf 89' lang='lat' dir='ltr'>berum</span> <span class='ocrx_word' id='word_1_233' title='bbox 225 3603 375 3653; x_wconf 88' lang='lat' dir='ltr'>liberorum</span> <span class='ocrx_word' id='word_1_234' title='bbox 398 3603 425 3663; x_wconf 85' lang='lat' dir='ltr'>C,</span> <span class='ocrx_word' id='word_1_235' title='bbox 452 3602 612 3653; x_wconf 88' lang='lat' dir='ltr'>libertorum</span> <span class='ocrx_word' id='word_1_236' title='bbox 631 3607 658 3654; x_wconf 89' lang='lat' dir='ltr'>at</span> <span class='ocrx_word' id='word_1_237' title='bbox 676 3603 835 3654; x_wconf 84' lang='lat' dir='ltr'>libertarum</span> <span class='ocrx_word' id='word_1_238' title='bbox 853 3605 916 3654; x_wconf 83' lang='lat' dir='ltr'>Inst.</span> <span class='ocrx_word' id='word_1_239' title='bbox 939 3604 950 3666; x_wconf 89' lang='grc' dir='ltr'>ΙΙ</span> <span class='ocrx_word' id='word_1_240' title='bbox 973 3607 1003 3652; x_wconf 83' lang='grc'>45</span> <span class='ocrx_word' id='word_1_241' title='bbox 1023 3603 1108 3653; x_wconf 88' lang='lat' dir='ltr'>tutela</span> <span class='ocrx_word' id='word_1_242' title='bbox 1127 3602 1195 3666; x_wconf 79' lang='lat' dir='ltr'>lagi-</span> 
     </span>
     <span class='ocr_line' id='line_1_32' title="bbox 107 3670 1206 3738; baseline -0.001 -16"><span class='ocrx_word' id='word_1_243' title='bbox 107 3673 172 3724; x_wconf 88' lang='lat' dir='ltr'>ttma</span> <span class='ocrx_word' id='word_1_244' title='bbox 196 3673 223 3732; x_wconf 82' lang='lat' dir='ltr'>G,</span> <span class='ocrx_word' id='word_1_245' title='bbox 245 3672 366 3735; x_wconf 78' lang='lat' dir='ltr'>legitima</span> <span class='ocrx_word' id='word_1_246' title='bbox 385 3672 468 3722; x_wconf 86' lang='lat' dir='ltr'>tutata</span> <span class='ocrx_word' id='word_1_247' title='bbox 487 3672 549 3723; x_wconf 89' lang='lat' dir='ltr'>Inst.</span> <span class='ocrx_word' id='word_1_248' title='bbox 570 3672 581 3734; x_wconf 84' lang='grc' dir='ltr'>ΙΙ</span> <span class='ocrx_word' id='word_1_249' title='bbox 600 3676 700 3721; x_wconf 84' lang='grc'><strong>45-48</strong></span> <span class='ocrx_word' id='word_1_250' title='bbox 719 3675 897 3735; x_wconf 82' lang='lat' dir='ltr'>supplementa</span> <span class='ocrx_word' id='word_1_251' title='bbox 912 3673 1091 3734; x_wconf 85' lang='lat' dir='ltr'>praebuerunt</span> <span class='ocrx_word' id='word_1_252' title='bbox 1105 3673 1166 3721; x_wconf 79' lang='lat' dir='ltr'>inst.</span> <span class='ocrx_word' id='word_1_253' title='bbox 1185 3670 1206 3738; x_wconf 68' lang='lat' dir='ltr'>it·</span> 
     </span>
     <span class='ocr_line' id='line_1_33' title="bbox 108 3739 1194 3807; baseline -0.001 -17"><span class='ocrx_word' id='word_1_254' title='bbox 108 3745 139 3790; x_wconf 87' lang='lat' dir='ltr'>ts</span> <span class='ocrx_word' id='word_1_255' title='bbox 157 3742 276 3807; x_wconf 91' lang='lat' dir='ltr'>proinde</span> <span class='ocrx_word' id='word_1_256' title='bbox 297 3741 325 3799; x_wconf 87' lang='lat' dir='ltr'>C,</span> <span class='ocrx_word' id='word_1_257' title='bbox 345 3741 459 3804; x_wconf 89' lang='lat' dir='ltr'>perinde</span> <span class='ocrx_word' id='word_1_258' title='bbox 478 3741 538 3789; x_wconf 87' lang='lat' dir='ltr'>Inst.</span> <span class='ocrx_word' id='word_1_259' title='bbox 560 3740 571 3802; x_wconf 91' lang='grc'>11</span> <span class='ocrx_word' id='word_1_260' title='bbox 591 3745 621 3790; x_wconf 82' lang='lat' dir='ltr'>tr</span> <span class='ocrx_word' id='word_1_261' title='bbox 641 3742 793 3792; x_wconf 89' lang='lat' dir='ltr'>introducta</span> <span class='ocrx_word' id='word_1_262' title='bbox 808 3743 882 3800; x_wconf 81' lang='lat' dir='ltr'>Inst,</span> <span class='ocrx_word' id='word_1_263' title='bbox 902 3743 1011 3805; x_wconf 90' lang='lat' dir='ltr'>accepta</span> <span class='ocrx_word' id='word_1_264' title='bbox 1033 3739 1080 3803; x_wconf 73' lang='lat' dir='ltr'>Cli</span> <span class='ocrx_word' id='word_1_265' title='bbox 1101 3744 1131 3790; x_wconf 86' lang='grc'>49</span> <span class='ocrx_word' id='word_1_266' title='bbox 1150 3743 1194 3791; x_wconf 91' lang='lat' dir='ltr'>in-</span> 
     </span>
     <span class='ocr_line' id='line_1_34' title="bbox 108 3808 1194 3873; baseline -0.004 -12"><span class='ocrx_word' id='word_1_267' title='bbox 108 3811 198 3861; x_wconf 86' lang='lat' dir='ltr'>testati</span> <span class='ocrx_word' id='word_1_268' title='bbox 212 3811 287 3869; x_wconf 79' lang='lat' dir='ltr'>inst,</span> <span class='ocrx_word' id='word_1_269' title='bbox 308 3811 438 3859; x_wconf 88' lang='lat' dir='ltr'>initestati</span> <span class='ocrx_word' id='word_1_270' title='bbox 455 3809 474 3860; x_wconf 86' lang='lat' dir='ltr'><strong><em>C</em></strong></span> <span class='ocrx_word' id='word_1_271' title='bbox 491 3808 546 3872; x_wconf 74' lang='grc'><strong>1124</strong></span> <span class='ocrx_word' id='word_1_272' title='bbox 570 3810 678 3873; x_wconf 75' lang='lat' dir='ltr'>quiec,</span> <span class='ocrx_word' id='word_1_273' title='bbox 699 3823 763 3860; x_wconf 90' lang='lat' dir='ltr'>cum</span> <span class='ocrx_word' id='word_1_274' title='bbox 776 3811 839 3859; x_wconf 84' lang='lat' dir='ltr'>inst.</span> <span class='ocrx_word' id='word_1_275' title='bbox 859 3810 870 3873; x_wconf 76' lang='lat' dir='ltr'>ss</span> <span class='ocrx_word' id='word_1_276' title='bbox 888 3813 920 3857; x_wconf 71' lang='lat'>22</span> <span class='ocrx_word' id='word_1_277' title='bbox 939 3811 1050 3859; x_wconf 90' lang='lat' dir='ltr'>uocauit</span> <span class='ocrx_word' id='word_1_278' title='bbox 1065 3810 1093 3870; x_wconf 85' lang='lat' dir='ltr'>C,</span> <span class='ocrx_word' id='word_1_279' title='bbox 1113 3812 1194 3860; x_wconf 91' lang='lat' dir='ltr'>uocat</span> 
     </span>
     <span class='ocr_line' id='line_1_35' title="bbox 109 3877 1193 3942; baseline -0.001 -14"><span class='ocrx_word' id='word_1_280' title='bbox 109 3879 170 3930; x_wconf 82' lang='lat' dir='ltr'>lost.</span> <span class='ocrx_word' id='word_1_281' title='bbox 191 3878 202 3942; x_wconf 88' lang='grc'>11</span> <span class='ocrx_word' id='word_1_282' title='bbox 221 3881 337 3928; x_wconf 88' lang='lat' dir='ltr'>iusserat</span> <span class='ocrx_word' id='word_1_283' title='bbox 357 3878 385 3937; x_wconf 84' lang='lat' dir='ltr'>C,</span> <span class='ocrx_word' id='word_1_284' title='bbox 406 3879 483 3928; x_wconf 87' lang='lat' dir='ltr'>iussit</span> <span class='ocrx_word' id='word_1_285' title='bbox 502 3878 564 3927; x_wconf 84' lang='lat' dir='ltr'>inst.</span> <span class='ocrx_word' id='word_1_286' title='bbox 587 3877 598 3940; x_wconf 85' lang='grc'>11</span> <span class='ocrx_word' id='word_1_287' title='bbox 617 3882 648 3926; x_wconf 80' lang='lat'>23</span> <span class='ocrx_word' id='word_1_288' title='bbox 662 3882 787 3942; x_wconf 89' lang='lat' dir='ltr'>receptae</span> <span class='ocrx_word' id='word_1_289' title='bbox 806 3880 965 3938; x_wconf 77' lang='lat' dir='ltr'>Lachmann,</span> <span class='ocrx_word' id='word_1_290' title='bbox 986 3881 1075 3928; x_wconf 88' lang='lat' dir='ltr'>rectae</span> <span class='ocrx_word' id='word_1_291' title='bbox 1096 3878 1143 3942; x_wconf 80' lang='grc'>011</span> <span class='ocrx_word' id='word_1_292' title='bbox 1162 3882 1193 3927; x_wconf 76' lang='lat'>23</span> 
     </span>
     <span class='ocr_line' id='line_1_36' title="bbox 107 3944 1194 4014; baseline 0 -17"><span class='ocrx_word' id='word_1_293' title='bbox 107 3951 205 4012; x_wconf 83' lang='grc'><strong>-11,4</strong></span> <span class='ocrx_word' id='word_1_294' title='bbox 221 3944 245 4014; x_wconf 88' lang='grc'>()</span> <span class='ocrx_word' id='word_1_295' title='bbox 257 3950 303 3997; x_wconf 84' lang='lat' dir='ltr'>boc</span> <span class='ocrx_word' id='word_1_296' title='bbox 314 3947 368 4009; x_wconf 71' lang='lat' dir='ltr'>fere</span> <span class='ocrx_word' id='word_1_297' title='bbox 377 3949 581 4008; x_wconf 83' lang='lat' dir='ltr'>supptementum</span> <span class='ocrx_word' id='word_1_298' title='bbox 593 3953 617 3997; x_wconf 89' lang='lat' dir='ltr'>et</span> <span class='ocrx_word' id='word_1_299' title='bbox 627 3949 690 3996; x_wconf 87' lang='lat' dir='ltr'>Inst.</span> <span class='ocrx_word' id='word_1_300' title='bbox 700 3953 724 4005; x_wconf 88' lang='grc'><strong>4,</strong></span> <span class='ocrx_word' id='word_1_301' title='bbox 734 3952 765 3996; x_wconf 83' lang='grc'>48</span> <span class='ocrx_word' id='word_1_302' title='bbox 776 3952 800 3996; x_wconf 86' lang='grc'>44</span> <span class='ocrx_word' id='word_1_303' title='bbox 811 3960 854 3996; x_wconf 88' lang='lat' dir='ltr'>res</span> <span class='ocrx_word' id='word_1_304' title='bbox 863 3950 921 4009; x_wconf 85' lang='lat' dir='ltr'>ipsa</span> <span class='ocrx_word' id='word_1_305' title='bbox 929 3949 1062 4011; x_wconf 69' lang='grc'><strong>4449444414,-</strong></span> <span class='ocrx_word' id='word_1_306' title='bbox 1075 3951 1194 4011; x_wconf 84' lang='lat' dir='ltr'>parentis</span> 
     </span>
     <span class='ocr_line' id='line_1_37' title="bbox 110 4017 1194 4079; baseline -0.002 -12"><span class='ocrx_word' id='word_1_307' title='bbox 110 4019 176 4067; x_wconf 84' lang='lat' dir='ltr'>enim</span> <span class='ocrx_word' id='word_1_308' title='bbox 193 4019 392 4066; x_wconf 81' lang='lat' dir='ltr'>manumissoris</span> <span class='ocrx_word' id='word_1_309' title='bbox 410 4017 489 4065; x_wconf 84' lang='lat' dir='ltr'>tutela</span> <span class='ocrx_word' id='word_1_310' title='bbox 505 4017 649 4079; x_wconf 78' lang='lat' dir='ltr'>fiduciartis</span> <span class='ocrx_word' id='word_1_311' title='bbox 671 4029 722 4065; x_wconf 88' lang='lat' dir='ltr'>non</span> <span class='ocrx_word' id='word_1_312' title='bbox 748 4017 811 4064; x_wconf 83' lang='lat' dir='ltr'>solet</span> <span class='ocrx_word' id='word_1_313' title='bbox 828 4018 1007 4066; x_wconf 84' lang='lat' dir='ltr'>adnumerari.</span> <span class='ocrx_word' id='word_1_314' title='bbox 1038 4019 1119 4067; x_wconf 87' lang='lat' dir='ltr'>uerba</span> <span class='ocrx_word' id='word_1_315' title='bbox 1137 4020 1194 4078; x_wconf 80' lang='lat' dir='ltr'>ipsa</span> 
     </span>
     <span class='ocr_line' id='line_1_38' title="bbox 109 4084 937 4148; baseline 0.001 -13"><span class='ocrx_word' id='word_1_316' title='bbox 109 4088 205 4146; x_wconf 80' lang='lat' dir='ltr'>partim</span> <span class='ocrx_word' id='word_1_317' title='bbox 223 4087 257 4135; x_wconf 86' lang='lat' dir='ltr'>ad</span> <span class='ocrx_word' id='word_1_318' title='bbox 277 4086 338 4134; x_wconf 85' lang='lat' dir='ltr'>Inst.</span> <span class='ocrx_word' id='word_1_319' title='bbox 357 4087 456 4146; x_wconf 86' lang='lat' dir='ltr'>partim</span> <span class='ocrx_word' id='word_1_320' title='bbox 475 4086 508 4133; x_wconf 89' lang='lat' dir='ltr'>ad</span> <span class='ocrx_word' id='word_1_321' title='bbox 528 4084 587 4135; x_wconf 87' lang='lat' dir='ltr'>Gai.</span> <span class='ocrx_word' id='word_1_322' title='bbox 603 4091 627 4148; x_wconf 85' lang='lat' dir='ltr'>i,</span> <span class='ocrx_word' id='word_1_323' title='bbox 643 4088 693 4138; x_wconf 74' lang='lat'>{72</span> <span class='ocrx_word' id='word_1_324' title='bbox 711 4087 849 4147; x_wconf 81' lang='lat' dir='ltr'>composita</span> <span class='ocrx_word' id='word_1_325' title='bbox 868 4090 937 4136; x_wconf 90' lang='lat' dir='ltr'>sunt.</span> 
     </span>
    </p>
   </div>
   <div class='ocr_carea' id='block_1_12' title="bbox 0 0 1456 4830">
    <p class='ocr_par' dir='ltr' id='par_1_14' title="bbox 0 0 1456 4830">
     <span class='ocr_line' id='line_1_39' title="bbox 0 0 1456 4830; baseline 0 2"><span class='ocrx_word' id='word_1_326' title='bbox 0 0 1456 4830; x_wconf 95' lang='lat' dir='ltr'> </span> 
     </span>
    </p>
   </div>
  </div>
 </body>
</html>
