2902 4830
538 317 622 327 ..-
669 283 729 345 129
773 318 858 328 ...
1022 284 1057 334 111
1077 283 1238 349 §reo-rm

155 472 316 553 sponsoris
339 479 371 532 et
394 470 654 551 iidepromissoris
677 473 769 533 heres
792 491 854 533 non
876 481 1012 552 tenetur,
1047 475 1109 534 nisi
1140 475 1167 534 si
1198 472 1237 534 de

155 558 323 638 peregrino
353 555 606 636 fidepramissore
637 577 844 637 quaeramus,
876 568 907 620 et
937 560 997 620 alio
1027 560 1095 620 iure
1125 561 1238 620 ciuitas

76 645 123 707 itt
156 645 226 706 eius
248 652 367 705 utatur.
404 642 598 704 fideiussoris
620 653 726 704 autem
749 645 843 705 etiam
866 645 960 705 heres
982 654 1119 706 tenetur.
1160 646 1237 706 ltem

156 749 289 810 sponsor
311 738 342 790 et
365 728 601 808 fidepromissor
623 730 689 809 lege
711 732 806 790 Furia
828 731 957 792 biennio
988 731 1172 810 liberantur,
1206 740 1238 792 et

156 823 307 896 quotquot
329 822 424 875 crunt
447 834 579 875 numero
602 834 638 876 eo
661 825 804 896 tempore
828 836 891 896 quo
920 819 1052 896 pecunia
1083 819 1150 896 peti
1179 830 1270 896 po-5

155 912 232 979 test,
268 903 299 961 in
331 909 376 961 tot
400 909 505 980 partes
529 900 690 962 diducitur
712 903 796 963 inter
819 922 871 964 eos
894 901 1042 982 obligatio
1066 913 1098 964 et
1120 904 1237 982 singuli

157 984 220 1071 <ia>
244 987 353 1048 uiriles
380 996 488 1066 partes
518 986 702 1069 obliquatur.
741 987 946 1049 fideiussores
976 1008 1052 1049 uero
1081 997 1237 1068 perpetuo

155 1082 315 1151 tenentur,
348 1081 379 1132 et
402 1080 554 1152 quotquot
582 1083 676 1134 erunt
697 1092 842 1149 numero,
877 1075 993 1154 singuli
1016 1076 1049 1134 in
1072 1074 1207 1136 solidum
1230 1071 1239 1158 ll

156 1160 346 1239 obligantur.
385 1160 492 1238 itaque
522 1159 659 1221 liberum
688 1170 736 1221 est
763 1159 911 1221 creditori
940 1180 956 1221 a
980 1179 1042 1239 quo
1065 1161 1142 1222 uelit
1164 1162 1340 1233 soli-pareo

156 1245 232 1307 dum
256 1254 376 1325 petere.
416 1243 473 1305 sed
496 1263 582 1306 nunc
605 1265 644 1306 ex
667 1247 803 1324 epistula
827 1246 896 1308 diui
919 1246 1072 1308 Hadriam
1093 1247 1237 1327 conpelli·
1257 1259 1288 1304 to

156 1340 208 1394 tur
236 1330 373 1392 creditor
406 1349 422 1390 a
457 1330 591 1410 singulis
622 1332 678 1411 qui
709 1331 799 1393 modo
835 1331 988 1393 soluendo
1018 1332 1099 1410 sint,
1136 1339 1237 1412 partes

154 1427 274 1497 petere.
322 1436 357 1477 eo
381 1417 478 1496 igitur
501 1415 595 1478 distat
616 1418 693 1478 haec
716 1419 853 1497 epistula
876 1418 986 1498 alege
1010 1418 1119 1493 Furia,
1153 1416 1239 1498 quod

156 1505 183 1565 si
206 1504 278 1583 quis
301 1522 341 1563 ex
364 1502 571 1582 sponsoribus
594 1512 649 1563 aut
671 1502 977 1583 lidepromissoribus
1000 1503 1152 1565 soluendo
1174 1523 1237 1564 non

155 1591 206 1668 sit,
233 1591 290 1649 hoc
313 1607 392 1649 onus
415 1586 455 1649 ad
479 1586 605 1670 <ceteros
628 1608 688 1649 aaa
707 1592 851 1669 pertiuet3
879 1590 932 1650 sed
954 1608 996 1650 eu*
1007 1589 1237 1670 fideiussoribus

156 1678 213 1738 etsi
233 1693 313 1736 uaus
336 1682 453 1736 tautum
475 1675 617 1736 solueado
633 1676 681 1752 sit,
709 1675 750 1736 ad
764 1675 844 1736 duaa
859 1673 949 1758 caus>
967 1685 1143 1737 ceterorum
1159 1695 1238 1755 quo·
1257 1687 1288 1733 rt

82 1762 139 1823 2⁴²
155 1780 217 1840 que
240 1761 390 1842 pertinet.
438 1760 500 1821 Sed
522 1780 595 1822 cum
618 1761 670 1821 lex
693 1763 785 1823 Furia
808 1770 931 1823 tantum
962 1763 994 1822 in
1017 1763 1105 1824 ltalia
1134 1763 1238 1822 locum

156 1848 287 1924 habeat,
322 1847 429 1907 euenit
456 1856 492 1907 ut
521 1849 553 1907 in
582 1851 698 1909 ceteris
721 1849 897 1927 prouinciis
921 1867 1089 1927 sponsores
1112 1867 1238 1928 quoque

156 1943 188 1994 et
210 1932 482 2012 fidepromissores
505 1932 640 2013 proinde
663 1952 698 1994 ac
721 1933 921 1996 fideiussores
934 1944 1089 2014 perpetuo
1106 1943 1239 1996 tenean-

154 2031 207 2081 tur
229 2029 260 2080 et
283 2018 399 2098 singuli
423 2019 615 2080 insolidum
637 2019 830 2100 obligentur,
860 2021 922 2080 nisi
948 2039 987 2080 ex
1010 2022 1146 2101 epistula
1170 2019 1238 2081 diui

76 2107 130 2167 122
155 2104 305 2166 Hadriani
327 2106 360 2165 hi
383 2123 502 2186 quoque
525 2104 717 2167 adiuuentur
748 2108 781 2167 in
812 2115 913 2186 parte.
961 2108 1126 2168 Praeterea
1155 2108 1238 2167 inter
1256 2117 1287 2162 aa

156 2209 322 2271 sponsores
345 2200 377 2251 et
399 2189 672 2270 fidcpromissores
696 2192 748 2252 lex
769 2191 926 2271 Appuleia
953 2193 1111 2272 quandam
1141 2193 1239 2254 socie-

153 2285 250 2339 tatem
277 2275 464 2338 introduxit.
504 2296 577 2337 nam
607 2278 633 2337 si
663 2278 736 2356 quis
763 2279 875 2339 borum
904 2278 977 2357 plus
1009 2297 1065 2339 sua
1095 2280 1239 2358 portione

155 2363 302 2441 soluerit,
336 2361 376 2423 de
407 2382 442 2423 eo
473 2361 560 2443 quod
588 2363 724 2441 amplius
755 2361 896 2440 dederit,
931 2362 1087 2425 aduersus
1118 2374 1238 2425 ceteros

154 2451 292 2510 actiones
315 2449 487 2510 constituit.
527 2467 609 2528 quae
639 2450 691 2508 lex
720 2458 791 2509 ante
821 2449 923 2528 legem
945 2450 1069 2511 Furiam
1092 2450 1155 2510 lata
1177 2457 1236 2527 est,

155 2555 217 2615 quo
240 2544 380 2614 tempore
404 2534 436 2594 in
460 2534 593 2596 solidum
617 2533 849 2614 obligabantur.
895 2533 981 2595 unde
1012 2537 1177 2614 quaeritur
1199 2545 1288 2596 ants

153 2630 226 2702 post
247 2622 350 2702 legem
366 2622 491 2682 Furiam
515 2619 617 2682 adhuc
632 2621 712 2700 legis
726 2620 900 2701 Appuleiae
917 2620 1108 2682 beneficium
1124 2639 1239 2700 supcr-

155 2706 207 2769 sit.
241 2716 272 2768 et
287 2709 398 2786 utique
415 2716 503 2768 extra
519 2707 638 2766 ltaliam
656 2715 815 2785 superest.
841 2726 914 2768 nam
931 2708 983 2767 lex
998 2706 1128 2786 quidem
1144 2708 1238 2767 Furia

155 2803 278 2854 tantum
302 2794 335 2852 in
359 2793 446 2854 ltalia
470 2793 564 2867 ualet,
590 2792 746 2873 Appuleia
769 2811 845 2854 uero
869 2794 962 2855 etiam
987 2794 1018 2853 in
1036 2794 1149 2854 ceteris
1165 2812 1240 2873 pro-

154 2879 281 2940 uinciis,
321 2878 377 2939 sed
399 2897 438 2940 an
454 2880 549 2939 etiam
567 2876 629 2961 (iu)
652 2880 745 2939 ltalia
761 2878 951 2940 beneficium
967 2879 1047 2959 legis
1061 2877 1237 2959 Appuleiae

155 2966 302 3045 supersit,
335 2963 429 3026 ualde
453 2965 627 3044 quaeritur.
668 2963 711 3026 ad
728 2964 922 3044 fideiussores
945 2974 1045 3027 autem
1061 2966 1114 3028 leda
1128 2965 1239 3046 Appu-
1257 2975 1287 3020 ³⁰

152 3081 1238 3099 «WQNVWWVVVVWWAMWNVNAMMAMMAMNQAMNWNWWWVVVW

225 3125 296 3191 §tut
325 3127 388 3176 inde
412 3126 445 3176 ab
470 3132 484 3177 8
507 3133 627 3189 quotquot
650 3139 737 3190 usque
762 3127 796 3176 ad
817 3131 848 3175 te
864 3132 951 3190 petere
969 3147 1001 3170 =
1020 3129 1085 3178 lnst.
1101 3131 1125 3188 3,
1141 3131 1183 3187 tt,
1199 3129 1222 3178 t.

872 3219 1240 3234 'anvvvvvvvvvxtvvvxmvvxm

224 3275 238 3320 3
257 3271 426 3322 fideiussoris
438 3286 473 3322 eu
485 3271 666 3323 fidesiussoris
678 3278 822 3322 correctum
837 3272 856 3322 0
873 3273 884 3335 Ιι
905 3272 990 3335 tlege
1003 3272 1082 3322 Furia
1099 3271 1236 3327 Goescdem

155 3339 295 3403 legiuriam
321 3340 345 3401 C,
372 3341 439 3403 caus.
463 3341 493 3390 θΑ
508 3355 570 3404 pap.
583 3343 633 3391 275
646 3341 693 3403 tuf.
714 3342 725 3405 11
744 3345 758 3388 6
777 3341 924 3404 diducitur]
945 3339 1091 3390 deducitur
1112 3339 1158 3404 Cu
1177 3343 1190 3387 7
1211 3341 1238 3389 in

155 3410 253 3460 addidit
271 3410 388 3460 Huschke
405 3411 416 3473 ΙΙ
434 3409 590 3474 obligantur
608 3411 744 3473 Boecktua,
770 3410 938 3460 hocabentur
959 3408 1005 3472 Cli
1027 3412 1092 3457 o-7
1112 3409 1194 3457 uerba
1212 3410 1240 3456 et

155 3479 254 3542 singuli
272 3478 365 3529 uiriles
383 3481 475 3541 partes
493 3478 661 3529 hocabentur
679 3480 743 3528 delet
761 3480 891 3528 Poteauur
907 3479 918 3542 ΙΙ
941 3481 954 3525 9
974 3477 1131 3540 obligantur
1150 3475 1176 3539 C,
1197 3479 1239 3525 te·

154 3550 254 3596 nentur
277 3547 337 3597 lust.
359 3548 370 3611 ΙΙ
389 3552 473 3597 9-42
491 3550 620 3609 suppleuit
640 3549 769 3598 Goescheu
788 3561 821 3597 ece
835 3549 896 3597 lust.
916 3547 927 3610 tl
947 3550 973 3594 tt
996 3549 1050 3596 sint
1064 3544 1090 3607 C,
1113 3547 1167 3595 sint
1184 3545 1239 3594 litis
1293 3592 1294 3601 ,

154 3618 320 3666 contestatae
332 3619 453 3681 tempore
468 3618 530 3666 last.
550 3617 561 3679 ll
582 3618 680 3665 tt-t5
700 3613 726 3682 <)
744 3618 856 3678 adempti
867 3619 954 3679 pratia
970 3617 1068 3665 addidit
1080 3616 1221 3665 Mommsen
1229 3631 1238 3673 ;

154 3687 222 3734 atius
234 3687 368 3746 supplendi
379 3689 438 3735 utus
447 3690 539 3747 putere
552 3690 752 3735 cousentaneum
763 3690 801 3734 est
818 3686 829 3746 ΙΙ
849 3689 879 3733 tr
900 3683 1012 3745 cetelris)
1032 3682 1058 3742 C,
1074 3683 1140 3745 caat.
1158 3682 1239 3733 Gaius

153 3759 179 3815 3,
198 3757 247 3807 {22
258 3756 325 3803 med.
346 3755 428 3816 (iufra
446 3767 516 3804 ders.
530 3755 589 3814 28);
614 3755 658 3803 sed
675 3753 788 3815 sortasse
804 3758 912 3814 utroque
930 3755 984 3802 loco
1004 3753 1102 3801 ceteris
1121 3764 1155 3801 ete
1172 3751 1240 3813 salsa

153 3824 306 3884 glossemate
317 3826 423 3884 irrepsit
440 3824 450 3886 11
470 3827 501 3871 ts
521 3821 659 3886 perpetuo]
678 3823 847 3885 inperpetuo
863 3820 896 3870 ΟΠ
913 3821 924 3882 ΙΙ
944 3825 974 3869 2⁰
988 3834 1097 3884 quoque
1110 3821 1237 3879 Huschke,

154 3891 208 3955 dc?
230 3894 254 3951 (i.
270 3905 292 3940 e.
312 3892 459 3955 quocum?)
481 3890 523 3954 Cn,
544 3892 610 3953 cous.
634 3890 666 3941 C8
680 3904 742 3953 pap.
757 3892 808 3942 2⁹7
827 3889 838 3952 ll
856 3890 1022 3939 adiuuentur
1040 3891 1067 3939 in
1086 3893 1163 3954 parte
1181 3902 1240 3938 cum

157 3959 176 4010 C
197 3974 249 4009 uau
271 3964 327 4010 siue
349 3961 504 4010 dubitatione
521 3963 647 4021 scriptum
664 3964 702 4009 est
725 3959 736 4022 ΙΙ
758 3959 909 4008 macteris
930 3957 956 4020 C,
982 3959 1047 4020 cous.
1069 3964 1155 4008 tamea
1174 3971 1240 4018 quae

154 4031 189 4079 ad
209 4029 267 4079 Gai.
281 4034 306 4090 5,
324 4033 385 4082 itia
405 4032 497 4091 (supra
515 4042 584 4078 uers.
602 4029 643 4089 tr)
663 4029 785 4077 aduatata
797 4033 858 4077 suat
875 4027 886 4089 ΙΙ
906 4030 937 4075 29
956 4028 983 4075 in
1002 4027 1084 4090 ltalia]
1107 4027 1176 4078 alisi
1196 4025 1215 4075 C
1231 4024 1240 4093 ll

155 4101 186 4147 ³⁰
206 4097 380 4148 fideiussores
398 4101 488 4148 autem
507 4098 550 4148 lex
569 4099 680 4159 exempti
697 4099 784 4159 aratia
803 4097 948 4157 suppletum
965 4101 1011 4146 est.

208 4197 287 4238 Gerre.
1016 4202 1030 4247 9
