2902 4830
369 1137 777 1223 <conunurnnrrs
801 1137 1012 1224 urruns.)

86 1331 120 1408 ’,4
239 1330 272 1410 [i.
304 1349 341 1389 nn
364 1348 429 1390 ivan
454 1347 543 1390 cruri
565 1349 601 1389 rr
624 1327 794 1408 44444444]
837 1329 945 1390 Omnes
964 1329 1072 1409 populi
1091 1329 1144 1408 4444
1159 1299 1335 1420 leqi-fflfi·

152 1417 207 1477 bus
231 1423 259 1478 44
279 1415 414 1477 moribus
437 1422 597 1497 replentur,
619 1416 737 1495 partim
758 1433 813 1475 suo
837 1432 980 1494 propero,
1009 1416 1127 1495 portior
1153 1433 1234 1476 com-

152 1503 240 1561 muni
267 1503 402 1562 omnium
429 1501 585 1562 leontinum
612 1503 681 1562 iure
707 1507 853 1575 amotum
883 1519 956 1562 nom
983 1500 1064 1582 quod
1091 1496 1232 1585 quislque

152 1587 291 1666 populus
321 1588 390 1666 ipse
420 1587 483 1648 sibi
509 1589 560 1648 ius
590 1587 766 1666 constituit,
800 1585 834 1647 id
860 1585 962 1666 ipsius
990 1587 1155 1666 proprium
1186 1595 1234 1648 est

153 1683 347 1751 uocaturque
370 1673 419 1734 ius
442 1672 555 1750 ciuile,
582 1673 673 1752 quasi
696 1673 746 1734 ius
768 1673 933 1752 proprium
962 1672 1116 1748 ciuitatis;
1148 1672 1266 1753 quoda

151 1778 228 1820 uero
257 1759 410 1820 naturalis
439 1759 518 1819 ratio
548 1759 632 1820 inter
661 1776 768 1819 omnes
804 1758 949 1819 homines
978 1758 1157 1838 constituit,
1196 1757 1231 1819 id

152 1844 238 1924 apud
260 1862 368 1905 omnes
397 1844 531 1924 populos
560 1862 721 1924 peraeque
751 1844 928 1906 custoditur
956 1852 1152 1924 uocaturque
1182 1846 1232 1906 ius

151 1932 310 2010 gentium,
345 1931 436 2009 quasi
460 1949 521 2009 quo
544 1931 613 1992 iure
637 1949 745 1992 omnes
768 1940 878 2010 gentes
900 1938 1047 1992 utuntur.
1094 1931 1232 2011 populus

151 2017 256 2093 itaque
279 2016 437 2077 Romanus
459 2017 576 2096 partim
598 2035 655 2077 suo
678 2018 822 2097 proprio,
847 2017 963 2096 partim
986 2017 1142 2078 communi
1165 2036 1233 2078 om-

150 2103 240 2162 nium
263 2102 424 2162 hominum
446 2102 514 2163 iure
528 2101 643 2165 utitur.
683 2121 765 2183 quae
788 2102 913 2182 singula
937 2103 1043 2181 qualia
1065 2103 1140 2181 sint,
1166 2104 1231 2164 suis
1251 2115 1282 2159 44

149 2189 226 2249 locis
248 2207 470 2268 proponemus.

105 2276 125 2335 2
237 2274 386 2336 Constant
407 2283 513 2336 autem
536 2275 605 2334 iura
627 2273 739 2355 populi
760 2273 891 2333 Romani
918 2291 958 2333 ex
986 2273 1127 2352 legibus,
1159 2273 1232 2352 ple-

150 2360 283 2439 biscitis,
302 2360 593 2437 senatusconsultis,
614 2357 892 2420 constitutionibus
906 2358 1100 2438 principum,
1119 2357 1232 2420 edictis

151 2465 259 2506 eorum
295 2447 350 2525 qui
384 2447 434 2507 ius
468 2443 615 2506 edicendi
645 2445 780 2521 habent,
817 2444 979 2523 responsis
1012 2442 1228 2523 prudentium.

107 2533 126 2592 3
152 2534 216 2592 Lex
238 2540 286 2592 cst
309 2530 395 2611 quod
416 2531 555 2611 populus
577 2529 667 2591 iubet
690 2539 785 2608 atque
808 2529 980 2590 constituit.
1028 2529 1232 2592 Plebiscitum
1251 2540 1283 2586 45

151 2626 199 2678 est
221 2616 307 2696 quod
329 2617 422 2697 plebs
444 2617 533 2679 iubet
553 2626 648 2696 atque
671 2616 844 2676 constituit.
891 2614 984 2694 plebs
1006 2623 1111 2676 autem
1134 2634 1152 2676 a
1173 2635 1232 2696 po-

150 2704 225 2782 pulo
256 2723 291 2764 eo
322 2703 436 2781 distat,
470 2702 554 2782 quod
583 2702 694 2782 populi
728 2701 941 2782 appellatione
970 2701 1114 2763 uniuersi
1143 2703 1231 2764 ciues

150 2788 386 2869 significantur,
412 2790 646 2850 connumeratis
676 2788 772 2848 etiam
801 2786 960 2867 patriciis;
993 2787 1097 2869 plebis
1126 2796 1230 2850 autom

151 2876 362 2954 appellatione
385 2875 453 2936 sine
476 2875 619 2955 patriciis
648 2875 745 2936 ceteri
768 2875 856 2935 ciues
878 2872 1113 2954 significantur3
1144 2873 1230 2937 unde

150 2960 223 3020 olim
247 2961 372 3040 patricii
394 2960 544 3022 dicebant
566 2961 741 3041 plebiscitis
763 2978 797 3021 se
820 2978 883 3021 non
907 2961 1023 3038 teneri,
1057 2962 1134 3040 qut'o
1161 2963 1281 3023 sineno

150 3047 332 3108 auctoritate
355 3066 464 3108 eorum
487 3046 568 3108 facta
591 3055 713 3122 essent;
744 3044 802 3107 sed
823 3053 933 3125 postea
954 3042 966 3127 14
988 3046 1041 3106 lex
1063 3048 1230 3109 Hortensia
1246 3057 1332 3118 papa

149 3133 211 3194 lata
234 3141 290 3211 cst,
317 3151 380 3212 qua
403 3142 530 3195 cautum
552 3141 600 3194 est
621 3141 657 3194 ut
679 3131 846 3212 plebiscita
867 3133 1055 3193 uniuersum
1077 3133 1231 3212 populum

149 3281 1231 3300 MAAAMNWQWVWMMNVWMAMNVWVMNVNNVWWVWWVVWW

218 3371 254 3436 §l
278 3386 365 3436 usque
383 3373 450 3423 ad8
475 3377 585 3422 utuntur
608 3392 640 3414 =
665 3372 723 3435 Dig.
745 3376 769 3432 4,
792 3376 815 3433 4,
837 3375 866 3432 9;
894 3369 931 3435 §t
955 3392 986 3414 =
1011 3372 1076 3420 lust.
1097 3373 1121 3433 4,
1143 3373 1167 3432 4,
1189 3373 1199 3417 4
1222 3365 1231 3436 ll

149 3439 184 3504 §³
200 3441 263 3491 inde
276 3440 311 3490 ab
325 3445 356 3489 46
367 3443 539 3503 prensantem
555 3453 643 3504 usque
656 3440 691 3490 ad
704 3443 728 3503 4,
741 3444 754 3488 3
767 3442 948 3505 449πὶ444444·
960 3438 1029 3490 coni.
1042 3440 1107 3487 lust.
1123 3442 1147 3499 4,
1163 3441 1187 3501 4,
1203 3440 1227 3487 4.

147 3575 198 3591 ww

220 3668 229 3711 4
251 3665 385 3713 rubricam
401 3664 499 3712 addidit
520 3661 558 3725 02,
579 3662 646 3725 coos.
667 3661 709 3712 0ΒΕ
727 3662 738 3724 ΙΙ
757 3666 822 3710 4-3
842 3661 1060 3725 Omnes-quod
1078 3659 1145 3725 quis!
1165 3674 1230 3722 sup-

145 3733 229 3793 pleuit
244 3733 372 3782 04444444
391 3747 424 3783 ecc
442 3732 502 3794 Dic.
517 3736 542 3781 44
554 3732 628 3790 lost,
648 3733 767 3792 quamuis
785 3732 868 3780 tribus
880 3732 998 3780 uersibus
1010 3732 1038 3778 in
1064 3730 1229 3791 Compleudis

149 3802 211 3849 4444
230 3803 311 3851 uerbo
334 3805 383 3851 44444
406 3801 552 3865 sufficiam
577 3800 642 3862 conf.
666 3799 697 3850 ca
715 3799 725 3861 ΙΙ
745 3802 759 3847 4
778 3801 918 3863 proprium
940 3799 967 3861 0,
994 3799 1135 3863 proprium
1158 3800 1229 3848 ciui-

148 3870 211 3918 tatis
230 3871 288 3932 Dip.
311 3871 373 3920 lost.
394 3869 405 3931 ΙΙ
424 3873 438 3917 5
458 3871 577 3919 ciuitatis
598 3869 626 3928 C,
646 3870 733 3932 ipsius
751 3868 869 3917 ciuitatis
889 3869 949 3929 Dip.
970 3867 1031 3917 lost.
1049 3868 1060 3930 14
1081 3871 1094 3915 4
1115 3867 1229 3932 populos

153 3938 265 4000 Glost,
291 3952 340 3988 orn.
361 3939 420 4001 Dip.
442 3938 453 4000 ΙΙ
474 3942 488 3988 8
507 3938 623 4003 populus
645 3937 672 3999 0,
700 3939 727 3985 44
743 3936 859 3999 populus
878 3936 940 3986 lost.
964 3936 974 3999 44
997 3940 1027 3984 44
1045 3936 1139 3999 utitur]
1160 3935 1227 3998 cons.

152 4007 184 4057 0³
199 4011 325 4070 popone
347 4007 359 4071 11
384 4009 439 4057 sint
460 4007 487 4067 0,
514 4010 576 4057 sunt
595 4007 656 4057 lost.
683 4006 694 4068 41
717 4009 749 4055 48
775 4005 856 4054 otiam
879 4005 954 4066 4444,
980 4006 1026 4055 etl
1052 4004 1079 4068 0,
1110 4005 1175 4067 conf.
1198 4004 1230 4054 0α

145 4088 208 4138 pop.
221 4078 272 4129 467
289 4089 359 4127 cers.
374 4083 404 4125 44)
422 4075 433 4138 11
453 4079 483 4124 44
503 4075 575 4140 quia]
596 4075 664 4137 conf.
687 4074 718 4125 ca
732 4087 794 4137 paq.
810 4077 861 4128 293
877 4072 889 4137 14
908 4077 936 4122 44
958 4074 1149 4124 auctoritatem
1170 4072 1199 4123 0.

993 4173 1024 4226 p*
