2902 4830
540 342 625 354 .-
670 308 708 369 71
754 331 840 352 ·..-
1024 310 1048 360 11
1067 306 1228 372 tue-ue

146 515 251 574 44444,
277 515 354 577 quae
375 496 696 577 uerba-*post
718 492 955 579 iustitutionem
978 494 1130 559 horedum
1146 494 1230 557 adioi

59 586 124 649 429
147 583 261 645 solent.
314 582 371 645 sed
402 585 459 644 hoo
489 582 536 644 ita
779 630 786 643 .
822 579 826 667 1
861 601 934 644 nam
965 591 1091 661 praetor
1120 599 1230 643 omnes

147 670 252 732 uirilis
274 687 370 731 sexus
393 669 564 730 liberorum
582 686 752 749 personat,
784 665 789 750 1
815 668 849 730 id
871 677 919 731 est
940 677 1073 748 nepotes
1103 686 1228 748 quoqne

148 765 179 817 et
205 764 395 836 pronepotes
716 836 720 923 A
742 751 746 838 1
1163 788 1230 796 --

723 851 1263 900 -——--———-—-t

60 1015 123 1075 430
235 1012 372 1074 Postumi
395 1030 520 1091 quoque
543 1010 639 1072 liberi
658 1012 708 1074 ud
729 1011 854 1073 heredes
883 1012 1002 1073 institui
1031 1009 1149 1073 debent
1175 1011 1229 1072 uel

61 1101 118 1161 434
148 1097 348 1160 exheredari.
395 1098 434 1158 Et
455 1098 489 1158 ia
511 1117 548 1160 eo
571 1116 630 1178 par
652 1098 793 1159 omnium
815 1096 953 1159 oondim'o
975 1105 1036 1177 est,
1069 1095 1148 1178 quod
1171 1092 1228 1178 (et)

147 1185 179 1244 ia
195 1183 258 1244 filio
273 1191 410 1265 pastuum
433 1191 461 1245 et
482 1185 515 1244 444
536 1183 721 1264 (1444444444
743 1185 849 1245 4444444
872 1183 977 1244 liberis
999 1185 1068 1245 siue
1089 1181 1232 1262 femiaim'

147 1287 245 1332 semus
267 1271 333 1331 siue
355 1270 521 1332 masculini
547 1271 716 1349 praeterito
743 1270 830 1332 ualet
856 1268 977 1350 quidem
1009 1274 1226 1344 testamentum,
1249 1281 1280 1327 44

146 1355 200 1417 sed
218 1364 289 1436 past
288 1374 325 1417 ea
355 1356 514 1438 apaatmue
539 1357 674 1436 postumi
701 1357 770 1418 siue
800 1362 964 1436 postumae
995 1353 1166 1434 rumpitur,
1199 1361 1230 1414 et

148 1459 185 1502 ea
214 1443 328 1504 ratioue
356 1448 447 1504 totum
475 1442 667 1522 infirmatur.
719 1441 845 1524 ideoque
878 1440 906 1502 si
934 1442 1065 1518 mulier,
1098 1458 1138 1501 ex
1167 1456 1230 1517 qua

143 1535 303 1608 postumus
332 1535 385 1589 aut
417 1535 557 1625 postuma
586 1527 787 1608 sperabatur,
819 1526 960 1589 abortum
989 1526 1114 1607 feeerit,
1154 1523 1231 1585 4444444

147 1614 347 1694 mpedimento
332 1621 414 1675 aest
435 1614 518 1693 scrip
520 1615 558 1675 tis
520 1612 741 1675 taeredibus
763 1613 805 1675 ad
826 1613 1020 1675 hereditatem
1043 1610 1228 1674 adeundam.

61 1701 122 1762 434
149 1699 211 1760 Sed
237 1698 380 1780 femim'm'
406 1698 548 1778 quidem¹
567 1718 663 1762 sexus
696 1718 850 1781 personae
884 1700 935 1762 uet
966 1699 1093 1760 uomina
1095 1699 1147 1759 tim
1181 1695 1231 1757 uet
1250 1709 1281 1755 44

147 1786 231 1846 iuter
251 1793 371 1847 4444444
393 1785 580 1847 exheredari
601 1787 712 1863 4444444,
744 1785 856 1847 dumt
844 1792 944 1846 tamea
966 1787 995 1846 si
1016 1786 1096 1846 mter
1117 1789 1230 1844 ceteros

148 1870 334 1933 emheredea
322 1878 383 1950 ur
410 1871 530 1953 aliquid
551 1873 595 1933 er's
617 1873 742 1955 tepetur,
768 1889 806 1933 444
826 1871 954 1932 uideant
941 1877 993 1959 tur
1016 1889 1075 1951 per
1102 1868 1230 1930 obliuio·

147 1975 222 2017 nem
246 1918 433 2037 praeteritae
455 1975 531 2019 4444.
579 1958 746 2021 masculini
770 1976 844 2019 uero
871 1975 968 2019 semus
986 1972 1138 2037 personas
1159 1955 1231 2035 pla·

147 2043 213 2105 anit
234 2062 298 2105 non
320 2043 412 2104 aliter
438 2052 523 2104 reate
549 2043 746 2124 exheredari,
778 2045 841 2106 uisi
861 2044 1040 2105 uomiaatr'm
1063 2038 1076 2124 11
1099 2040 1230 2102 44444444-
1213 2052 1332 2115 puger

147 2128 273 2207 deutur,
310 2128 363 2191 hoc
396 2130 509 2191 44444444
540 2129 625 2191 moda
667 2150 833 2199 4444444444
868 2151 942 2191 urar
973 2149 1072 2191 444444
1105 2137 1280 2189 enarrasse

55 2215 132 2278 tam
146 2236 267 2294 44444444,
294 2213 433 2295 4414444444
454 2233 540 2277 44444.

945 2389 969 2447 (t
987 2399 1080 2436 uersus
1097 2387 1125 2434 444
1146 2382 1167 2432 0
1182 2384 1232 2446 topi

1226 2534 1230 2619 1

1226 2622 1283 2705 144

62 2797 124 2860 433
152 2799 362 2859 Postumorum
392 2804 492 2858 autem
523 2797 584 2858 4444
614 2805 686 2859 suat
715 2805 743 2859 et
770 2797 804 2858 444
832 2798 886 2879 qui
921 2797 954 2857 r'u
989 2797 1041 2857 sui
1076 2794 1196 2856 heredis
1227 2786 1233 2878 1

220 3018 295 3084 4444
315 3039 347 3064 =
365 3020 431 3070 rust.
447 3023 472 3079 4,
487 3023 554 3080 aar
576 3016 587 3085 1
604 3017 675 3083 4444
699 3039 731 3061 --
751 3019 818 3068 lust.
833 3023 858 3078 4,
875 3022 941 3080 44,4
964 3015 972 3085 1
991 3016 1189 3082 4444544444.
1205 3022 1230 3079 4,

151 3092 194 3148 44,
210 3092 220 3138 4
242 3085 251 3155 1
269 3086 344 3152 §aaa
364 3108 396 3131 =
415 3089 473 3151 mg.
487 3091 529 3151 44,
545 3092 569 3147 4,
585 3091 629 3149 44;
651 3089 715 3138 lost.
731 3091 757 3147 4,
772 3091 814 3148 44,
830 3091 854 3140 4.

149 3207 199 3224 ωΝΝ
201 3203 1234 3224 ἉΛΜΝΝΝΛΝᾺΜΝΨΧΝᾺΛΝΝΝὟᾺΜΛΝΨΨᾺΝΝΜΙἪΝΛΝΨᾺΝΝΝΝΛΝΨΜΜ

221 3297 231 3341 4
246 3293 363 3358 4444444]
353 3308 382 3343 m
403 3293 550 3355 0144444444
567 3306 620 3357 que
639 3295 765 3355 scriptam
781 3292 839 3374 fuit,
860 3292 927 3354 44441.
949 3289 991 3342 048
1008 3288 1018 3357 11
1035 3297 1095 3342 aate
1114 3295 1175 3356 post
1192 3293 1235 3341 uet

149 3363 304 3413 aduerbtum
319 3364 362 3413 uet
374 3363 457 3412 44444444
469 3363 566 3424 otmaro
578 3364 693 3412 4444444444
711 3363 789 3424 spotti
805 3363 833 3410 444
849 3361 881 3412 04
899 3363 1053 3422 computatio
1068 3361 1209 3421 persuadet
1224 3356 1235 3426 11

152 3431 243 3493 414444
260 3433 298 3482 ita
316 3432 487 3494 supplendam
503 3432 607 3481 uidetur
629 3429 841 3481 estiureoiuill
862 3425 1235 3494 144011444441Γ4111344444-

148 3501 231 3561 pteuu
244 3501 373 3551 Poteaaar
383 3495 394 3566 11
406 3501 471 3548 4-6
485 3500 607 3550 taouuam
616 3504 675 3561 pou
694 3501 858 3564 pronepotes
871 3498 1023 3548 Lachmann
1035 3498 1069 3547 aa
1081 3499 1235 3547 seutentiam

151 3573 220 3619 reate
237 3572 275 3620 444
291 3569 435 3650 suppteutt:
460 3569 621 3618 nominatim
643 3568 803 3619 exheredari
828 3565 914 3626 iubet,
934 3564 1060 3616 feminini
1078 3578 1145 3616 uero
1163 3567 1235 3616 Inter

151 3641 273 3699 oeteros;
294 3639 340 3702 qui
359 3638 411 3687 nisi
430 3635 529 3687 tuerint
549 3639 584 3687 ite
603 3635 770 3700 exheredati,
790 3636 932 3715 promittit·
945 3635 985 3685 eis
1009 3637 1104 3684 contra
1126 3633 1234 3685 tabulas

151 3705 509 3771 honorumpossesstonem
524 3702 533 3770 11
552 3706 747 3765 tliberilust„
767 3700 1080 3770 hhennommatmc
1098 3706 1177 3752 7-24
1201 3717 1235 3754 ea

153 3776 217 3825 14444.
246 3775 361 3837 suppleri
385 3787 462 3836 posse
487 3776 615 3825 tatettoatt
644 3771 844 3840 0444444418
871 3774 899 3823 in
927 3785 959 3822 4ο
986 3773 1060 3832 lust,
1070 3700 1151 3823 1144444
1181 3771 1201 3822 0
1224 3769 1235 3906 'p

151 3844 228 3908 quod
251 3846 279 3893 et
300 3845 375 3906 44444,
396 3843 488 3908 quode
510 3840 590 3909 04411
608 3846 639 3892 44
658 3843 774 3907 ideoque
792 3771 866 3901 144444,
887 3842 988 3904 idque?
1009 3839 1073 3900 Oet,
1093 3841 1160 3904 44441.
1177 3839 1209 3892 0ι

153 3916 184 3962 48
206 3913 361 3974 (masculini
375 3925 443 3963 uero
461 3925 542 3963 sexus
559 3911 716 3976 persotnast
737 3911 769 3969 0,
798 3910 933 3960 masculos
956 3923 1023 3960 uero
1040 3913 1181 3992 postumos
1206 3908 1235 3959 id

152 3983 195 4032 est
212 3980 300 4033 fllium
318 3983 345 4031 et
362 3981 492 4045 deinceps
511 3983 573 4031 44444.
592 3980 603 4044 11
622 3983 648 4028 m
671 3993 788 4030 nxnnans
807 3980 879 4038 14444,
906 3975 1041 4042 44144441
1026 3977 1107 4040 tuerit
1129 3980 1157 4028 444
1178 3973 1234 4042 0411

153 4053 227 4098 47-
234 4053 277 4112 u,
287 4054 318 4099 tt
333 4064 367 4101 444
380 4050 481 4114 144444
494 4051 557 4101 lust.
572 4049 687 4112 suppleri
696 4061 773 4110 posse
784 4048 913 4099 4444444444
928 4047 1125 4112 04444444147
1138 4050 1235 4112 postu-

152 4131 261 4170 morum
280 4121 370 4170 autem
384 4119 458 4180 last„
478 4124 666 4184 postumatum
685 4118 744 4182 Dtp.
