2902 4830
194 280 218 330 44
236 276 248 343 4
265 280 400 327 444-444
588 310 673 322 -.
717 278 757 339 70
801 310 888 322 .-

195 467 228 528 444
251 466 263 548 11
287 476 409 548 partem
432 465 638 545 adcrescunt,
672 466 699 527 si
722 466 773 526 sui
795 463 929 527 heredes
959 467 1038 542 sint,
1071 465 1104 525 iu
1134 463 1276 542 uirilem,
1288 478 1360 539 44440

193 553 222 614 si
245 553 406 629 extranei,
432 553 463 611 in
487 550 665 614 dimidiam.
702 550 735 612 id
758 560 807 613 est
829 552 857 612 si
879 551 952 630 quis
974 559 1040 612 tres
1062 550 1157 612 uerbi
1178 551 1282 631 gratia

194 639 274 700 filios
305 636 440 700 heredes
470 637 645 699 instituerit
675 646 707 698 et
735 637 833 700 filiam
867 636 1084 717 praeterierit,
1123 636 1190 700 filia
1220 635 1281 698 ad-

193 724 360 785 crescendo
382 742 440 805 pro
463 732 575 802 quarta
598 731 687 804 parte
710 723 746 784 fit
775 724 886 800 heres,
920 730 951 784 et
979 741 1017 786 ea
1044 720 1165 785 ratione
1197 722 1281 784 idem

193 811 409 889 consequitur,
436 808 522 889 quod
544 810 584 872 ab
607 810 755 870 intestato
770 818 860 889 patre
876 815 992 869 mortuo
1008 808 1155 871 habitura
1171 816 1276 886 csset;
1300 823 1314 868 0

192 904 224 958 at
246 896 273 957 si
296 904 462 958 extraneos
485 895 540 957 iile
562 894 696 958 heredes
712 896 888 957 instituerit
903 902 934 956 et
949 895 1047 955 filiam
1063 893 1276 975 praeterierit,

192 981 259 1042 filia
281 980 495 1044 adcrescendo
519 1001 559 1043 ex
582 980 713 1043 dimidia
735 990 825 1061 parte
848 981 884 1042 fit
905 981 1010 1043 heres.
1050 999 1132 1061 quae
1155 979 1196 1042 de
1213 980 1280 1042 filia

192 1067 348 1148 diximus,
382 1066 493 1130 eadem
524 1076 556 1128 04
582 1067 624 1129 de
653 1076 768 1148 nepote
799 1065 901 1147 deque
927 1065 1075 1128 omnibus
1104 1065 1278 1128 liberorum

192 1155 340 1234 personis
362 1171 416 1217 seu
437 1155 608 1216 masculini
631 1172 689 1216 seu
708 1152 852 1234 feminini
876 1171 974 1215 sexus
997 1152 1081 1216 dicta
1108 1152 1279 1234 intellege·

107 1239 166 1300 tet
191 1258 272 1301 mus,
318 1238 402 1313 Quid
430 1260 505 1322 ergo
536 1241 607 1302 0044
635 1241 709 1301 44004
736 1258 789 1302 eae
815 1236 993 1301 secundum
1018 1258 1057 1301 ea
1083 1257 1165 1318 quae
1192 1237 1279 1300 dixi·
1297 1253 1327 1298 40

191 1345 273 1404 mus,
299 1327 426 1407 scriptis
448 1326 608 1388 heredibus
631 1325 788 1388 444404444αο
806 1333 927 1406 purtem
949 1323 1135 1404 detrahant,
1169 1333 1278 1386 tamen

190 1420 319 1493 praetor
340 1413 386 1475 eis
409 1421 518 1474 contra
540 1412 666 1475 tabulas
688 1412 843 1474 bonorum
857 1412 1092 1492 possessionem
1107 1411 1274 1491 promittit,

191 1517 255 1578 qua
277 1499 396 1561 ratione
420 1500 561 1560 extranei
585 1496 720 1560 heredes
743 1518 761 1560 a
782 1505 847 1559 tota
868 1495 1045 1560 hereditate
1074 1497 1279 1577 repelluntur

107 1583 167 1650 tet
191 1594 223 1644 et
253 1584 438 1646 efficiuntur
466 1585 536 1646 sine
568 1603 602 1646 re
635 1583 783 1646 heredes.
835 1584 876 1645 Et
907 1585 965 1646 hoc
994 1584 1064 1645 iure
1090 1582 1275 1658 utebamur,

190 1670 279 1750 quusi
301 1669 380 1731 nihil
402 1671 488 1731 inter
509 1670 644 1733 feminas
667 1680 698 1731 et
720 1670 875 1731 masenius
890 1670 1074 1748 interesset3
1101 1669 1158 1730 sed
1172 1688 1279 1749 nuper
1296 1684 1326 1729 40

189 1756 361 1835 imperator
388 1754 567 1817 Antoninus
603 1756 793 1835 significauit
828 1756 981 1836 rescripto
1016 1774 1073 1818 suo
1107 1773 1172 1816 non
1201 1756 1278 1836 plus

189 1843 330 1903 nancisci
360 1839 493 1903 feminas
525 1860 582 1921 per
604 1841 759 1903 bonorum
785 1844 1033 1922 possessionem,
1067 1859 1163 1921 quatu
1193 1841 1278 1921 quod

190 1927 259 1987 iure
282 1924 488 1989 adcresoeudi
511 1936 793 2006 consequerentur.
842 1928 926 2007 quod
949 1929 982 1989 in
1005 1929 1277 2008 emancipatarum

190 2030 317 2092 quoque
347 2031 483 2093 persona
512 2011 747 2074 obseruandum
781 2021 844 2092 004,
883 2022 919 2075 04
946 2013 1003 2075 doe
1031 2032 1162 2095 queque,
1196 2014 1277 2095 quod

189 2096 395 2161 adcresoeudi
418 2099 487 2160 iure
510 2098 675 2161 habiturae
696 2106 815 2178 esseut,
849 2099 876 2161 si
900 2101 933 2160 in
955 2107 1102 2180 potestate
1124 2099 1273 2177 inissent,
1295 2114 1324 2160 00

106 2183 166 2245 tat
189 2183 223 2245 id
245 2185 352 2265 ipsum
374 2185 469 2246 etiam
491 2205 551 2266 per
572 2185 727 2246 bonorum
754 2186 985 2265 possessionem
1014 2185 1164 2247 habeant.
1212 2184 1276 2248 Sed

188 2270 348 2350 siquidem
370 2271 455 2333 filins
477 2289 496 2333 a
517 2279 608 2351 patre
630 2271 852 2349 exheredetur,
884 2268 1068 2334 nominatim
1091 2271 1275 2333 exheredari

189 2356 292 2437 debet3
318 2358 458 2437 alioquin
480 2376 544 2418 non
565 2358 689 2420 uidetur
710 2356 911 2421 exheredari.
958 2360 1143 2420 nominatim
1167 2367 1275 2420 autem

189 2442 377 2506 exheredari
401 2443 540 2523 uidetur,
567 2445 635 2506 siue
659 2447 702 2506 ita
724 2440 944 2529 04440404404444
966 2462 1060 2505 444440
1081 2462 1175 2505 444440
1198 2458 1360 2521 4444ορ400

188 2548 324 2592 4444444440
345 2551 428 2609 4040,
453 2531 519 2592 siue
541 2531 586 2592 440
608 2552 707 2593 444444
729 2551 807 2592 44440
832 2527 836 2615 Ι
862 2548 991 2592 4444444440
1012 2549 1101 2610 4040,
1127 2548 1191 2590 44044
1216 2530 1276 2592 ad·
1293 2545 1324 2591 20

104 2614 165 2674 428
189 2617 269 2677 40040
292 2617 421 2697 proprio
451 2618 589 2678 nomine.
644 2619 776 2681 Ceterae
805 2636 883 2679 uero
912 2616 1085 2679 liberorum
1115 2634 1274 2697 personae

187 2703 241 2763 uel
264 2700 409 2763 feminini
438 2720 533 2764 sexus
561 2702 615 2763 uel
643 2702 811 2765 masculini
839 2701 924 2787 001440
953 2704 1037 2764 444404
1064 2710 1187 2763 0040400
1217 2723 1276 2764 044-

187 2786 397 2866 440404444444444,
438 2786 471 2847 id
507 2795 554 2849 est
589 2790 639 2850 his
674 2787 781 2851 uerbis
826 2787 940 2871 0444144
977 2807 1077 2851 ouras
1105 2807 1275 2850 rauranum

187 2927 1275 2948 ΜΛΛΛΙΜΝΜΜΑΛΛΜΜΜΜΛΑΜΜΜΛΛΛΛΛΜΛΛΛΛΛΛΑΝᾺΛΛΛΛΝᾺἎΝΛΛΜ

260 2996 334 3061 4427
354 2998 418 3048 inde
437 2998 471 3048 ab
491 3003 522 3048 20
542 3002 695 3050 nominatim
712 3022 744 3044 =
763 3002 828 3052 Inst.
845 3006 870 3063 2,
885 3005 927 3065 40,
942 3005 968 3051 4.

808 3120 1275 3136 Avavvvvvxwvavavvvvvvmvv

258 3199 273 3244 2
286 3195 364 3246 uerbi
377 3196 493 3259 44404040,
507 3196 600 3247 uerbis
615 3194 672 3263 0414
684 3201 697 3246 3
711 3198 781 3248 filios
796 3198 934 3261 00000400,
949 3200 1021 3250 fitius
1037 3200 1065 3260 0,
1079 3198 1147 3261 cous.
1165 3198 1198 3249 04
1207 3212 1271 3263 pou.

186 3270 237 3319 200
250 3278 322 3315 uers.
336 3270 369 3318 20
380 3261 417 3331 414
437 3265 519 3329 idem]
539 3264 587 3316 id?
607 3266 634 3325 0,
655 3267 723 3329 conf.
740 3267 772 3318 04
786 3281 849 3331 uoq.
864 3271 915 3323 202
932 3266 942 3331 ΙΙ
961 3273 974 3318 t
994 3270 1160 3319 edissertos
1178 3270 1273 3318 codicis

189 3334 209 3386 0
225 3335 333 3386 umbros
351 3340 398 3385 aut
420 3334 455 3385 ab
473 3335 599 3385 intestato
621 3338 698 3399 patre
717 3341 819 3386 mortuo
837 3336 964 3388 habitura
984 3339 1040 3397 (400
1057 3350 1121 3386 casu
1139 3336 1174 3387 ab
1189 3349 1274 3398 prae·

183 3406 277 3466 positio
294 3404 385 3454 0004400
403 3404 542 3462 mutuetur)
562 3409 608 3454 eut
625 3403 661 3454 ab
679 3405 805 3455 intestato
824 3410 929 3470 patrem
949 3406 1010 3469 44000
1021 3406 1106 3471 patre)
1119 3407 1179 3469 ipsa
1190 3405 1273 3456 habi-

187 3473 249 3525 tu‘ra
267 3474 341 3523 400440
352 3473 461 3535 quadret
478 3469 488 3539 11
506 3477 519 3522 4
534 3471 614 3522 440400
630 3473 767 3534 00040400,
788 3474 883 3524 4404042
899 3475 918 3526 0
934 3471 945 3541 11
963 3473 1113 3524 0400440404
1129 3474 1270 3535 00000400,

186 3544 285 3592 minini
306 3539 352 3608 014
370 3546 399 3590 40
420 3555 467 3593 eae
486 3542 645 3604 4004400000,
666 3555 697 3593 ae
714 3539 760 3608 044
778 3546 805 3591 44
828 3543 976 3595 heredibus
994 3543 1135 3594 dimidiam
1153 3543 1269 3608 partem]

186 3611 329 3660 dimidiam
347 3613 452 3675 partem
471 3611 553 3661 modo
566 3610 731 3662 heredibus?
745 3610 780 3661 04
795 3608 806 3677 41
824 3616 856 3662 42
874 3612 1007 3677 promittit
1019 3614 1135 3674 Btuhme,
1155 3614 1273 3677 promit-

186 3678 252 3729 titur
272 3678 315 3739 04,
336 3679 404 3742 0004.
421 3679 454 3730 04
468 3692 529 3743 pau.
541 3683 594 3730 400
609 3676 620 3746 41
638 3684 669 3729 40
689 3693 739 3730 suo
760 3680 788 3740 0,
808 3694 872 3732 suas
883 3682 1001 3732 Huschke
1017 3679 1028 3748 44
1045 3685 1077 3731 44
1096 3693 1178 3745 quam
1197 3681 1273 3744 quod

190 3747 328 3807 Goescheu,
349 3749 423 3810 quod
441 3751 543 3811 quam?
564 3748 607 3809 0¹¹,
628 3749 694 3812 0004.
716 3749 749 3800 04
763 3762 827 3814 paq.
840 3756 890 3804 204
909 3763 980 3801 uers.
993 3755 1027 3800 00
1044 3747 1055 3816 11
1078 3754 1109 3798 40
1130 3750 1179 3813 est]
1200 3752 1272 3801 esset

189 3815 217 3874 0,
238 3815 306 3878 eous.
329 3815 621 3880 cracuaensem
645 3815 654 3884 11
673 3821 798 3880 prosimu
819 3821 854 3868 00
871 3822 1024 3869 senteutiam
1044 3819 1162 3882 0040444040
1183 3824 1247 3870 suut
1263 3817 1273 3882 41

185 3887 218 3933 20
238 3883 378 3934 habiturae
390 3888 481 3935 essent
495 3886 633 3949 00000400,
648 3887 820 3938 habituresse
835 3887 856 3938 0
871 3884 882 3953 41
898 3890 929 3935 20
943 3888 1062 3951 uidetur]
1077 3888 1200 3952 possiet?
1216 3887 1251 3938 0¹¹

186 3955 218 4002 24
242 3951 402 4003 exheredari
428 3955 501 4017 4004,
529 3955 655 4006 heredari
683 3956 703 4007 0
725 3954 735 4023 44
758 3960 790 4006 05
815 3958 945 4018 suppleuit
965 3957 1094 4007 00040400
1116 3969 1151 4006 ec
1176 3957 1239 4006 4004.

186 4023 218 4140 200
238 4033 328 4071 0044444
345 4023 492 4084 suppletum
508 4037 543 4074 00
561 4027 716 4088 contectura,
738 4025 804 4088 0004.
826 4030 911 4076 tameo
930 4023 972 4075 044
988 4022 999 4091 41
1015 4027 1131 4077 omnes?
1153 4025 1181 4085 0,
1202 4025 1270 4088 cous.

208 4097 297 4153 ²pu9.
308 4093 370 4143 042.
