2902 4830
176 330 389 397 rueret-iu
556 363 642 378 -
687 332 748 394 146
791 363 877 378 ..-

91 524 152 585 492
176 540 194 583 6
216 528 362 601 praetore
385 529 541 582 seruatur.
582 519 731 581 Prohibiti
755 521 835 582 actio
856 517 1029 600 quadrupli
1044 528 1093 581 est
1109 538 1150 581 ex
1166 520 1262 582 edicto

175 605 331 687 praetoris
354 604 549 684 introducta3
574 605 627 666 lex
649 615 755 667 autem
778 607 964 668 eonomine
987 605 1108 667 nullam
1123 625 1263 686 poenam

176 692 352 754 constituit.
376 691 435 752 hoc
449 690 551 754 solum
566 693 730 772 praecipit,
747 701 784 754 ut
800 693 856 771 qui
871 710 1026 771 quaerere
1041 691 1132 769 uelit,
1151 689 1263 753 nudus

177 785 319 858 quaerat,
346 777 416 839 licio
439 778 571 856 cinctus,
598 777 721 839 lancem
742 776 879 853 habens,
906 779 962 857 qui
986 776 1107 856 siquid
1124 777 1262 838 inuene-

92 867 151 927 l93
175 865 228 941 rit,
254 861 345 925 iubet
366 862 399 925 id
422 864 474 925 lex
496 862 616 925 furtum
639 863 842 925 manifestum
865 882 944 925 esse.
983 861 1066 936 Quid
1088 865 1131 924 sit
1152 871 1293 925 autema

176 950 293 1028 licium,
319 951 502 1028 quaesitum
524 958 583 1011 est.
624 949 681 1011 sed
702 949 812 1011 uerius
835 957 881 1012 est
901 949 1026 1011 consuti
1049 967 1151 1028 genus
1175 968 1258 1025 esse,

177 1053 238 1115 quo
268 1036 466 1098 necessariae
496 1043 603 1116 partes
633 1044 828 1116 tegerentur.
883 1054 965 1115 quae
998 1053 1050 1096 res
1087 1034 1152 1116 [lex
1181 1036 1258 1114 tota]

175 1120 311 1183 ridicula
334 1128 392 1183 est.
436 1141 509 1183 nam
532 1122 588 1200 qui
610 1123 764 1183 uestitum
792 1124 946 1202 quaerere
975 1120 1138 1201 prohibet,
1173 1122 1202 1182 is
1230 1131 1263 1182 et

175 1206 298 1269 nudum
322 1226 478 1288 quaerere
499 1206 720 1288 prohibiturus
742 1217 801 1286 est,
828 1227 864 1269 eo
879 1209 979 1286 magis
995 1206 1082 1287 quod
1097 1207 1141 1268 ita
1157 1225 1262 1287 quae-

176 1293 236 1356 sita
258 1312 290 1355 re
306 1290 371 1376 <61>
395 1293 527 1355 1666616
549 1294 659 1355 maiori
676 1311 799 1375 poenae
815 1292 1001 1355 subiciatur.
1042 1292 1159 1355 deinde
1176 1291 1262 1371 quod
1279 1306 1307 1350 46

175 1380 298 1442 lancem
321 1381 391 1440 siue
414 1379 486 1442 ideo
509 1379 620 1442 haberi
643 1379 762 1458 iubeat,
787 1387 823 1441 ut
838 1379 984 1441 manibus
999 1379 1165 1459 occupatis
1180 1377 1262 1439 nihil

175 1464 320 1544 subiciat,
348 1466 417 1527 siue
436 1465 507 1528 ideo
523 1474 560 1528 61
574 1465 661 1545 quod
677 1466 846 1544 inuenerit,
872 1464 917 1527 ibi
940 1467 1080 1545 inponat,
1107 1473 1260 1534 neutrum

175 1571 286 1613 eorum
308 1550 464 1631 procedit,
498 1551 526 1614 si
548 1550 582 1613 id
604 1550 690 1631 quod
719 1560 896 1632 quaeratur,
927 1552 997 1612 eius
1028 1549 1260 1631 magnitudinis

175 1647 231 1699 aut
252 1647 386 1699 naturae
410 1635 465 1715 sit,
496 1646 533 1700 ut
555 1656 660 1718 neque
684 1638 788 1700 subici
810 1656 916 1717 neque
940 1637 988 1699 ibi
1008 1637 1119 1716 inponi
1146 1637 1257 1716 possit.

175 1731 259 1784 certe
289 1740 353 1783 non
380 1720 556 1801 dubitatur,
590 1724 822 1803 cuiuscumque
851 1724 999 1784 materiae
1032 1723 1074 1783 sit
1104 1742 1142 1784 ea
1170 1722 1256 1801 lanx,
1277 1734 1305 1780 46

90 1810 149 1871 191
175 1810 253 1870 satis
274 1808 336 1888 legi
361 1807 440 1869 fieri.
487 1811 618 1888 Propter
638 1811 697 1870 hoc
717 1820 824 1872 tamen
847 1808 933 1890 quod
961 1810 1014 1870 lex
1040 1827 1081 1869 ex
1104 1827 1141 1869 ea
1164 1826 1260 1870 causa

175 1893 379 1955 manifestum
401 1893 521 1955 furtum
543 1914 614 1956 esse
637 1894 744 1973 iubet,
777 1904 852 1957 sunt
880 1894 937 1974 qui
965 1894 1109 1956 scribunt
1137 1893 1259 1956 furtum

175 1979 378 2040 manifestum
401 1987 456 2041 aut
477 1979 547 2060 lege
562 1973 730 2064 1161611691)
754 1989 809 2043 661
830 1989 958 2043 natura:
989 1981 1058 2058 lege
1088 1978 1123 2041 id
1152 1980 1259 2060 ipsum

174 2064 214 2126 de
237 2083 300 2145 quo
323 2064 492 2145 loquimur,
522 2075 637 2128 natura
659 2067 739 2128 illud
766 2066 806 2129 de
836 2086 899 2147 quo
928 2066 1077 2146 superius
1107 2066 1260 2146 exposui-

173 2169 257 2212 mus.
301 2148 359 2211 sed
388 2151 497 2213 uerius
528 2160 576 2213 est
604 2161 719 2215 natura
747 2161 872 2215 tantum
902 2152 1106 2214 manifestum
1136 2150 1259 2214 furtum
1276 2161 1303 2205 21

174 2237 329 2318 intellegi.
361 2255 469 2318 neque
492 2240 576 2299 enirn
598 2238 651 2300 lex
674 2237 776 2300 iacere
799 2248 914 2320 potest,
940 2246 976 2300 ut
999 2238 1055 2318 qui
1070 2237 1259 2299 manifestus

172 2322 225 2384 fur
246 2342 309 2384 non
334 2323 387 2402 sit,
421 2324 608 2386 manifestus
631 2325 686 2404 sit,
720 2343 782 2386 non
806 2325 907 2405 magis
930 2343 1027 2404 quam
1050 2324 1107 2403 qui
1130 2326 1258 2384 omnino

173 2408 226 2470 fur
247 2428 310 2471 non
335 2410 390 2488 sit,
416 2409 544 2490 sursit,
578 2420 609 2472 et
632 2411 688 2491 qui
711 2409 838 2473 adulter
860 2418 914 2472 aut
934 2409 1092 2472 homicida
1115 2427 1180 2470 non
1203 2410 1254 2488 sit,

173 2495 298 2558 adulter
320 2497 373 2557 uel
388 2493 401 2577 11
416 2495 571 2558 homicida
594 2494 646 2559 sit.
689 2504 721 2558 at
743 2496 822 2558 illud
844 2515 920 2559 sane
943 2496 996 2559 lex
1016 2495 1122 2558 iacere
1137 2504 1254 2576 potest,
1267 2499 1344 2564 pgiu

171 2589 208 2644 ut
229 2581 364 2662 proinde
387 2583 504 2662 aliquis
527 2602 630 2663 poena
652 2591 800 2644 teneatur
822 2591 915 2662 atque
938 2583 965 2645 si
984 2582 1109 2647 lurtum
1131 2582 1187 2643 uel
1203 2581 1260 2644 ad·
1276 2591 1303 2636 to

171 2667 325 2729 ulterium
347 2668 400 2729 uel
422 2669 627 2730 homicidium
650 2666 840 2746 admisisset,
874 2667 1023 2748 quamuis
1045 2667 1126 2728 nihil
1149 2687 1258 2729 eorum

172 2753 346 2815 admiserit.

242 2908 252 2952 4
270 2904 358 2954 edicto
373 2905 511 2966 Goescheu,
532 2906 588 2969 eC,
608 2908 674 2970 conf.
692 2906 723 2956 θ’
737 2920 800 2970 paq.
815 2911 865 2961 261
884 2905 895 2968 11
914 2909 928 2954 2
948 2906 1101 2956 introducta
1117 2906 1256 2966 Goeecheo,

172 2973 343 3023 inutroducta
358 2972 378 3023 C
394 2973 405 3037 11
423 2975 548 3039 poenam]
563 2976 630 3038 coni.
647 2974 678 3025 0²
686 2988 749 3039 paq.
761 2979 812 3029 279
825 2974 872 3036 ici.
895 2974 906 3038 11
924 2977 938 3022 6
951 2976 1085 3039 praecipit
1096 2976 1256 3034 lucheman,

170 3043 309 3106 praecepit
323 3041 356 3092 0¹¹
374 3042 386 3105 11
405 3044 419 3091 l
436 3043 541 3094 1161641,
554 3058 607 3094 vau
619 3046 666 3094 der
677 3045 788 3107 Hoeven,
809 3044 892 3094 linteo
905 3057 940 3092 eu
952 3043 1049 3093 linteos
1062 3048 1208 3093 correctum
1221 3043 1241 3093 C
1249 3041 1259 3109 11

172 3115 266 3160 tasse
287 3111 425 3171 Goescheu,
445 3115 518 3161 esset
538 3112 581 3174 01¹,
601 3114 668 3176 conf.
690 3112 721 3163 0²
736 3125 799 3176 paq.
814 3117 866 3166 266
882 3125 952 3162 uers.
966 3117 1001 3163 50
1022 3112 1034 3176 1
1060 3112 1189 3162 (ilicium
1206 3126 1258 3162 coo

170 3181 217 3230 der
234 3180 346 3241 Hoeven,
366 3180 478 3229 linteum
499 3179 606 3244 011661
628 3183 721 3233 uerius
740 3189 781 3231 est
799 3182 938 3241 Goescheo,
964 3183 1006 3230 set
1022 3181 1192 3231 ueriusscam
1211 3183 1259 3242 (itu

169 3253 199 3298 ut
217 3251 294 3299 tertie
312 3261 325 3298 s
343 3251 430 3299 littera
447 3251 540 3300 lineola
557 3253 663 3300 inductu
681 3252 724 3310 sit)
746 3249 779 3310 G;
803 3253 855 3300 uisi
873 3255 933 3300 aute
954 3250 1003 3299 sed
1022 3251 1115 3299 uerius
1134 3252 1177 3299 est
1193 3250 1258 3299 aiic-

169 3331 230 3368 ruet
241 3319 485 3368 iurisconsultorum
496 3322 624 3369 sententie
635 3321 786 3381 discrepans
798 3321 937 3381 intercidit,
948 3321 1033 3379 possis
1045 3333 1066 3369 e.
1075 3332 1102 3381 q.
1117 3319 1182 3368 teliu
1194 3331 1258 3380 quc-

169 3400 218 3449 oue
241 3392 383 3448 temptare:
408 3386 457 3437 sed
478 3387 588 3438 Verrius
610 3388 675 3451 6111
698 3393 711 3438 7
736 3402 806 3453 quae
831 3401 875 3437 res
899 3387 943 3437 lex
966 3388 1021 3437 tota
1046 3386 1089 3449 0¹¹,
1119 3400 1190 3451 quae
1214 3399 1258 3436 res

171 3457 315 3514 Poieuucr;
334 3469 418 3520 quare
436 3456 478 3506 lex
497 3459 552 3506 tota
573 3458 710 3517 Goescheu,
731 3458 799 3519 cous.
821 3456 853 3506 0⁸
869 3458 997 3520 666297
1014 3469 1085 3506 uere.
1100 3461 1132 3509 24
1153 3460 1178 3506 61
1192 3469 1255 3518 paq.

168 3525 281 3588 taetus.
303 3523 315 3588 11
337 3528 351 3574 8
370 3524 497 3587 prohibet
517 3525 654 3587 Goescheu,
680 3525 805 3590 perhibet
825 3524 868 3587 0¹¹,
895 3525 962 3587 couf.
985 3523 1017 3574 ca
1037 3537 1100 3588 puy.
1114 3528 1167 3578 266
1183 3538 1254 3574 uere.

171 3593 232 3658 421
250 3597 263 3642 9
283 3593 470 3657 prohibiturus
489 3593 600 3653 Sauder,
621 3592 775 3658 prohibitus
795 3593 820 3656 C,
842 3594 910 3656 6661.
927 3592 959 3643 ca
973 3606 1036 3657 pap.
1050 3597 1103 3644 666
1120 3606 1190 3642 uere.
1203 3589 1259 3657 2211

171 3666 201 3711 tc
222 3676 250 3713 re
269 3677 321 3712 vau
338 3665 386 3712 der
403 3663 512 3724 Hoeven,
538 3675 583 3712 res
603 3661 646 3722 0¹¹,
666 3663 732 3725 coni.
753 3662 784 3713 0⁸
799 3677 862 3726 pao.
877 3667 927 3717 266
945 3675 1016 3712 uera.
1028 3663 1061 3710 66
1080 3661 1092 3725 11
1113 3666 1141 3711 61
1159 3663 1259 3712 addidit

170 3730 288 3780 Huschke
305 3727 314 3797 11
338 3735 364 3780 tt
389 3733 526 3796 occupatis
549 3733 701 3795 chperow,
727 3733 888 3796 occupantis
909 3730 929 3780 C
947 3730 958 3794 11
981 3734 1014 3779 42
1032 3731 1170 3780 inuenerit
1191 3730 1258 3780 Goe-

169 3800 256 3859 scheu,
277 3801 400 3849 inueneri
416 3799 443 3859 0,
463 3801 530 3863 conf.
547 3798 578 3849 0²
592 3813 654 3863 paq.
672 3801 777 3850 XXXII
785 3801 832 3863 ius.
853 3799 864 3863 1
884 3804 914 3849 13
934 3799 1008 3864 quod
1027 3803 1176 3863 quaeratur
1191 3799 1258 3849 Goe-

170 3868 256 3928 66166,
270 3868 419 3932 quodratur
433 3868 476 3928 0¹¹,
491 3869 558 3931 cous.
575 3868 606 3919 0²
620 3882 682 3933 pao.
698 3869 931 3933 2904166671111
950 3867 987 3918 ihi
1007 3869 1099 3932 inponi
1116 3868 1256 3925 Gcescheu‚

169 3935 361 4000 1166666101
384 3941 414 3987 48
439 3938 557 4000 intellegi
580 3939 626 3988 hoc
649 3939 703 3988 loco
726 3940 825 3988 addidit
843 3937 960 3988 Huschke
980 3937 991 4001 11
1012 3938 1125 3987 aiterum
1147 3936 1207 3998 lege
1225 3950 1259 3986 eu

169 4005 225 4055 lese
248 4010 393 4055 correctum
412 4005 432 4056 C
450 4005 462 4068 11
484 4010 515 4055 22
539 4020 593 4055 666
618 4007 653 4056 sit
673 4007 812 4067 Goescheu,
837 4019 891 4057 non
913 4005 1053 4070 6101126
1080 4005 1189 4056 adulter
1211 4009 1258 4055 661

104 4112 106 4115 -
172 4074 310 4132 Goescheu,
330 4074 494 4133 adulterati,
514 4074 767 4139 confidendum
784 4076 796 4140 11
814 4080 847 4124 26
866 4077 992 4126 teneatur
1006 4075 1146 4133 Goescheu,
1167 4077 1259 4124 teneat

172 4143 200 4202 G,
220 4143 287 4206 cous.
306 4141 339 4192 ca
353 4154 415 4205 paq.
429 4144 482 4193 606
499 4143 511 4206 1
528 4148 608 4208 atque
624 4142 761 4207 Goescheu,
777 4148 858 4208 atqua
873 4143 901 4204 C,
916 4144 982 4207 coos.
1001 4142 1032 4193 0⁸
1041 4157 1105 4206 pcc.
1119 4148 1172 4197 296
1184 4156 1255 4194 uera.

170 4217 201 4261 49
220 4211 282 4275 1126
301 4211 457 4261 admisisset
475 4212 612 4272 Goescheu,
633 4210 764 4264 admisset
784 4211 810 4263 G.
