2902 4830
537 308 622 320 ...
666 273 703 337 81
750 308 836 322 ...-
1020 276 1045 324 44
1063 273 1076 339 5
1091 278 1225 324 444-444

55 460 119 528 473
145 462 296 525 continua
318 462 394 523 haec
416 463 513 523 cretio
536 471 681 541 uocatur,
708 463 782 542 quia
805 463 947 525 continui
969 463 1037 525 dies
1053 482 1227 526 numeran-

145 558 210 611 tur.
243 547 299 609 sed
321 549 395 626 quia
422 547 550 628 [tamen]
577 546 658 610 dura
682 559 729 609 est
750 548 830 610 hoec
853 549 958 622 cretio,
986 549 1088 612 altero
1112 550 1145 610 iu
1164 568 1226 611 uso

144 634 296 711 habetur,
321 632 408 695 uude
431 633 526 695 etiam
550 635 690 715 uulgaris
712 632 797 695 dicta
819 645 877 697 est.

57 719 120 782 474
235 719 283 801 [nn
307 719 611 800 svrsrrrrrrourrvs.]
653 720 816 782 Interdum
840 720 919 783 duos
942 721 1091 800 pluresue
1107 719 1226 801 gradus

144 804 299 868 heredum
322 805 465 883 iacimus,
491 805 549 866 hoo
572 805 663 867 modo
686 827 713 866 n.
732 825 826 868 rrrrvs
842 826 932 869 nuans
952 825 1024 868 nsro
1041 825 1224 879 ornurroovn
1245 820 1259 866 4

145 911 177 954 ru
200 909 305 953 nrrrvs
329 888 481 974 <currum
504 911 643 953 ruoxrurs
666 911 768 964 orisve
791 912 870 954 sorns
893 910 1086 966 rornnrsovn.
1113 911 1226 964 eroum

144 997 194 1038 rm
217 996 363 1056 convenis,
390 996 518 1038 exurens
539 997 623 1040 rsro.
648 997 707 1038 rvu
729 997 834 1040 urvrvs
850 998 939 1040 uenus
954 997 1025 1040 rsro
1042 995 1226 1051 onnnrroovr

144 1081 176 1125 m
191 1082 294 1125 ornere
316 1082 431 1124 ounrru
454 1071 485 1124 et
507 1064 641 1144 reliqua.
683 1072 715 1125 et
737 1063 889 1145 deinceps
911 1068 945 1126 in
968 1073 1122 1145 quantum
1147 1065 1228 1126 ueli-

57 1148 121 1211 475
146 1168 218 1211 mus
241 1148 433 1212 substituere
464 1168 644 1229 possumus.
691 1150 730 1210 Et
757 1150 831 1213 licet
860 1150 952 1213 nohis
982 1152 1035 1213 uel
1063 1169 1163 1213 unum
1193 1152 1225 1211 in

146 1238 242 1297 unius
271 1236 375 1297 locum
403 1234 596 1297 substituere
626 1236 794 1316 pluresue,
828 1246 859 1297 et
887 1248 994 1298 contra
1024 1237 1057 1297 in
1086 1237 1225 1315 plurium
1247 1249 1276 1294 44

57 1322 120 1385 476
146 1322 248 1383 locum
278 1322 331 1383 uel
360 1340 459 1382 unum
493 1321 547 1382 uel
584 1323 693 1401 plures
727 1321 932 1384 substituere.
987 1323 1088 1384 Primo
1119 1324 1225 1402 itaque

145 1406 247 1488 gradu
269 1408 406 1487 scriptus
429 1406 521 1469 heres
544 1405 751 1469 hereditatem
768 1407 926 1470 cernendo
942 1409 978 1468 fit
994 1409 1086 1470 heres
1102 1418 1133 1469 et
1148 1408 1227 1470 sub-

144 1494 276 1556 stitutus
299 1492 499 1567 excluditur;
525 1512 587 1554 non
605 1492 763 1555 cernendo
778 1495 1153 1571 summouetur,etiamsi
1169 1513 1226 1574 pro

145 1576 265 1641 herede
288 1587 394 1660 gerat,
420 1587 452 1639 et
481 1580 514 1639 in
545 1579 646 1640 locum
676 1581 745 1640 eius
775 1579 969 1642 substitutus
997 1579 1150 1642 succedit.
1196 1590 1226 1642 et
1280 1587 1283 1594 ’

145 1664 298 1746 deinceps
320 1664 348 1726 si
370 1666 478 1745 plures
501 1664 619 1744 gradus
641 1667 719 1744 sint,
757 1666 788 1726 in
820 1666 956 1746 singulis
984 1668 1080 1728 simili
1104 1667 1225 1727 ratione
1245 1678 1276 1724 45

55 1751 121 1815 477
147 1750 232 1812 idem
256 1751 419 1832 contingit.
460 1750 523 1812 Sed
544 1751 572 1812 si
596 1752 693 1812 cretio
717 1752 786 1813 sine
809 1752 1054 1814 exheredatione
1078 1753 1118 1814 sit
1141 1751 1223 1829 date,

146 1836 180 1898 id
203 1845 252 1899 est
274 1839 306 1898 444
327 1838 408 1898 hoec
436 1836 535 1898 uerba
559 1857 584 1898 sr
607 1855 668 1898 non
692 1856 846 1916 crnrnms,
878 1857 935 1901 rru
956 1859 985 1899 r.
1011 1858 1115 1900 urvrvs
1138 1857 1227 1899 urens

145 1943 232 2002 nsro,
258 1923 337 1984 illud
360 1921 523 1984 diuersum
546 1923 721 2002 inuenitur,
754 1923 837 2003 quod
860 1925 887 1985 si
909 1923 997 2005 prior
1019 1926 1133 1986 omissa
1157 1944 1227 1987 ore-

145 2009 233 2071 tione
254 2028 311 2089 pro
333 2008 451 2071 herede
475 2017 575 2089 gerat,
607 2009 816 2071 substitutum
839 2011 872 2071 iu
895 2019 1016 2091 partem
1038 2011 1175 2073 admittit
1197 2020 1277 2072 4444

146 2095 229 2157 fiunt
249 2095 341 2156 ambo
363 2096 477 2174 aequis
492 2094 635 2175 partibus
658 2092 670 2179 ΙΙ
692 2096 838 2158 heredes.
870 2095 983 2176 quodsi
998 2116 1103 2177 neque
1119 2106 1227 2159 cernat
1236 2105 1331 2167 pagos

146 2200 252 2262 neque
276 2200 332 2261 pro
356 2180 473 2243 herede
497 2191 601 2261 gerat,
636 2189 702 2242 tum
726 2201 803 2243 saue
825 2182 857 2242 in
881 2184 1065 2244 uniuersum
1087 2201 1228 2245 summo-

54 2268 121 2331 478
146 2275 253 2346 uetur,
286 2275 318 2328 et
340 2266 532 2329 substitutus
562 2268 594 2328 in
618 2275 714 2328 totam
737 2266 943 2329 hereditatem
966 2267 1118 2331 succedit.
1166 2268 1228 2331 Sed

147 2352 265 2414 Sabino
288 2349 416 2432 quidem
440 2353 569 2433 placuit,
596 2353 749 2432 quamdiu
772 2372 902 2415 cernere
926 2363 957 2415 et
980 2374 1015 2415 eo
1032 2355 1123 2417 modo
1137 2356 1228 2417 heres

147 2437 216 2500 lieri
239 2440 339 2519 possit
361 2441 456 2519 prior,
489 2438 612 2500 etiamsi
636 2457 693 2519 pro
715 2437 831 2500 herede
855 2440 1007 2519 gesserit,
1038 2449 1228 2502 nontamen

145 2523 272 2586 admitti
294 2524 519 2601 substitutum3
555 2544 627 2587 cum
650 2543 726 2586 uero
749 2527 845 2586 cretio
868 2524 955 2588 finita
979 2527 1037 2601 sit,
1072 2534 1139 2587 tum
1170 2544 1227 2605 pro
1247 2535 1278 2580 44

146 2608 264 2673 herede
281 2620 409 2690 gerente
425 2610 551 2672 admitti
563 2610 782 2672 substitutum.
810 2610 880 2672 abis
895 2630 973 2674 uero
994 2612 1115 2691 placuit
1133 2613 1228 2673 etiam

146 2705 319 2777 superante
342 2698 480 2758 cretione
503 2715 596 2776 posse
619 2715 690 2758 eum
714 2715 772 2776 pro
795 2695 912 2758 herede
936 2696 1075 2777 gerendo
1099 2699 1131 2758 in
1154 2717 1230 2777 par·
1329 2735 1331 2741 ·

145 2791 212 2843 tem
233 2782 442 2845 substitutum
465 2781 632 2844 admittere
655 2792 686 2844 et
708 2782 845 2863 amplius
868 2781 909 2844 ad
924 2784 1095 2845 cretionem
1111 2785 1229 2845 reuerti

147 2887 212 2930 non
235 2887 339 2949 posse.

57 2953 122 3016 479
234 2953 357 3015 Liberis
379 2955 493 3015 nostris
515 2952 727 3034 inpuberibus
748 2973 826 3033 quos
843 2955 875 3015 in
892 2964 1046 3034 potestate
1062 2953 1226 3030 habemus,
1248 2963 1280 3008 ³⁰

147 3059 210 3101 nou
234 3041 337 3102 solum
360 3042 413 3117 ita,
439 3049 475 3101 ut
497 3040 763 3120 supradiximus,
789 3040 984 3102 substituere
998 3059 1176 3122 possumne,
1196 3039 1229 3101 id

147 3135 196 3187 est
219 3135 255 3187 ut
276 3127 304 3187 si
325 3125 460 3188 heredes
481 3145 545 3186 non
567 3126 741 3205 extiterint,
767 3127 849 3188 alius
871 3126 961 3189 nobis
983 3128 1074 3188 heres
1090 3127 1145 3202 sit;
1172 3124 1230 3187 sed

217 3302 229 3368 5
244 3308 291 3355 479
311 3303 367 3355 iere
385 3325 417 3346 =
437 3306 501 3356 lost.
516 3310 542 3364 4,
558 3311 588 3355 46
601 3319 643 3370 pr.
662 3306 673 3369 ll
691 3319 773 3367 sopra
792 3305 819 3371 §5
834 3309 891 3358 474.
905 3311 963 3356 477.

145 3406 351 3421 mmmm

219 3472 228 3516 4
258 3469 387 3518 contiuua
409 3466 440 3528 C,
466 3467 554 3517 Etiam
578 3469 707 3519 continua
726 3468 842 3517 4444444444
866 3469 926 3516 olim
950 3468 961 3530 {l
986 3471 1000 3515 4
1026 3471 1114 3517 tamen
1137 3467 1230 3516 deleuit

147 3537 278 3600 Boeckicp
295 3536 307 3599 11
324 3536 415 3599 altera]
434 3536 547 3586 alteram
569 3536 588 3587 C
605 3536 616 3600 ll
634 3549 687 3587 usu
708 3535 846 3595 coercere,
866 3549 900 3586 us
921 3536 940 3586 0
959 3536 1035 3599 (conf.
1056 3535 1087 3586 0²
1102 3548 1164 3598 pop.
1178 3538 1228 3586 564

143 3618 217 3656 uero.
232 3605 276 3665 44)
294 3604 305 3668 ΙΙ
329 3607 342 3655 4
363 3603 604 3655 substitutionibus
625 3605 766 3666 Goeschec,
792 3603 1000 3654 substitionibus
1022 3603 1041 3654 C
1062 3604 1073 3666 ll
1093 3602 1229 3653 interdum

149 3674 295 3734 Goesclten,
326 3674 493 3724 ininterdum
522 3673 555 3723 0¹¹
579 3674 590 3737 11
615 3678 628 3722 6
655 3686 753 3724 cerrvu
777 3674 877 3723 46444644
901 3672 1030 3722 64444444
1053 3671 1064 3734 ΙΙ
1091 3676 1120 3720 44
1149 3672 1229 3721 unius

148 3741 290 3803 Goesctec,
304 3742 396 3793 iunius
412 3741 432 3792 C
448 3742 459 3805 ΙΙ
479 3746 509 3792 47
524 3744 551 3791 ln
565 3743 670 3804 44444744,
690 3743 713 3792 si
730 3741 749 3791 C
765 3741 776 3804 ΙΙ
792 3754 915 3791 orrvnms
930 3741 1068 3803 64444444,
1089 3740 1171 3791 crerit
1186 3741 1207 3792 0
1221 3741 1230 3805 ll

148 3815 179 3861 48
191 3812 338 3861 inuenitur
358 3811 496 3873 Goesebeo,
522 3812 626 3861 inuenit
647 3809 674 3869 C,
695 3811 762 3873 conf.
784 3808 815 3860 C*
835 3823 898 3873 pop.
910 3813 961 3860 4446
981 3810 992 3873 ΙΙ
1010 3809 1083 3872 quod
1102 3810 1228 3868 Huschke,

144 3882 213 3944 quia
230 3879 342 3942 044444.
359 3880 461 3943 capae.
474 3886 524 3933 494
542 3893 613 3929 uere.
627 3881 671 3938 58)
689 3878 700 3942 ΙΙ
719 3882 747 3927 44
770 3880 929 3929 uniuersum
945 3879 1083 3940 Goescheo,
1102 3879 1230 3928 uniuerso

150 3947 247 4012 01146
266 3949 382 4012 admitti]
403 3950 523 3999 admittit
545 3948 592 4011 Gll
613 3952 643 3997 47
668 3960 748 4012 posse
772 3948 908 3997 delendum
930 3949 1034 3997 uidetur
1055 3946 1199 3997 Goescheno
1222 3945 1230 4011 ll

145 4021 176 4066 34
194 4016 367 4081 substituere]
383 4018 450 4079 coos.
467 4016 498 4066 0³
510 4018 520 4081 ΙΙ
538 4029 684 4082 possumus
699 4016 836 4077 Goeselreo,
851 4017 986 4079 possimus
1001 4015 1035 4066 0²¹
1047 4015 1058 4079 ll
1071 4019 1102 4064 64
1115 4015 1230 4067 heredes

148 4085 180 4150 C,
201 4089 236 4136 ad
253 4086 368 4138 heredes
386 4086 465 4138 nobis
477 4100 528 4136 444
541 4088 608 4137 mole
620 4089 718 4136 44444444
730 4088 793 4135 lost.
812 4082 824 4147 ΙΙ
841 4084 921 4135 heres
934 4086 968 4135 sit
984 4083 1011 4143 0,
1026 4086 1061 4135 sit
1073 4084 1153 4136 heres
1166 4085 1228 4140 lest.

202 4185 281 4227 Gerre.
1009 4192 1023 4237 6
