2902 4830
61 463 124 523 quo
139 441 220 503 conl.
241 442 277 502 0²
298 460 370 522 pag.
388 460 457 503 xxrx
472 442 548 523 seq.)
565 440 760 504 secernenda
777 448 854 520 erat,
880 442 966 503 hunc
979 450 1052 502 nota
1070 439 1107 500 0²
1129 439 1249 503 distin·

60 529 177 590 ximus.
217 528 294 589 Nota
312 528 349 588 0¹¹
373 527 624 608 significauimus
646 529 833 609 scripturam
856 526 889 588 in
907 528 930 587 G
950 545 1014 589 non
1036 526 1140 606 plenis
1162 527 1247 588 inte-

63 615 191 695 grisque
214 613 329 675 litteris
352 613 497 677 omnibus
518 614 725 695 perscriptam
749 612 805 674 sed
821 631 880 693 per
894 631 994 674 unum
1010 612 1145 692 pluraue
1161 632 1246 674 com-

63 699 179 781 pendia
193 699 478 780 tachygraphorum
493 701 685 762 notariorum
701 717 786 760 more
802 717 985 779 expressam
995 697 1047 780 ²⁰).
1082 697 1134 758 0²¹²
1149 700 1248 779 igitur

64 785 217 865 significat
238 787 437 865 scripturam,
464 805 546 867 quae
568 805 585 847 a
604 786 641 847 0²
663 786 706 847 ita
729 783 869 866 prolecta
884 794 943 863 est,
969 793 1005 846 ut
1020 785 1089 864 ipse
1108 783 1145 844 0²
1163 784 1195 865 (i.
1214 804 1242 846 e.

63 871 179 933 codicis
202 872 392 933 Veronensis
407 882 562 933 corrector
575 870 679 953 uetus)
700 871 886 951 compendio
902 871 1074 950 scripturae
1089 870 1158 931 siue
1173 880 1246 931 nota

65 957 209 1019 sollemni
238 965 392 1019 uteretur.
446 958 577 1037 Signum
607 957 861 1037 interrogationis
891 959 923 1017 in
954 964 1108 1037 apparatu
1137 954 1246 1018 critico

64 1043 150 1105 idem
181 1042 359 1123 significare
386 1043 545 1104 noluimus
573 1052 667 1123 atque
702 1050 758 1104 »ot
785 1042 928 1104 uidetur«
936 1061 945 1118 ;
983 1044 1029 1103 sic
1056 1041 1097 1103 ad
1125 1060 1198 1122 pag.
1225 1042 1245 1102 3

63 1149 149 1191 uers.
170 1130 208 1190 l8
231 1129 289 1190 hoc
311 1131 436 1208 signum
459 1128 579 1190 indicat
600 1146 664 1190 non
685 1146 816 1210 prorsus
845 1136 930 1190 certo
959 1127 1021 1189 dici
1051 1129 1199 1208 possein
1224 1128 1248 1187 G

64 1216 142 1276 nihil
176 1215 239 1276 nisi
265 1221 292 1276 ei
327 1213 398 1294 (non
428 1213 536 1276 addita
565 1214 696 1292 lineola,
728 1232 789 1292 qua
820 1214 1040 1294 compendium
1070 1214 1246 1293 scripturae

64 1299 266 1382 indicaretur)
283 1300 436 1378 extitisse,
449 1299 552 1362 uideri
568 1310 673 1362 tamen
688 1299 767 1360 nihil
783 1299 845 1360 nisi
861 1307 890 1360 ct
904 1299 948 1360 ibi
964 1299 1116 1378 scripturn
1133 1298 1244 1361 luisse.

150 1387 295 1464 Denique
317 1386 349 1445 in
372 1394 525 1465 apparatu
547 1385 654 1446 critico
669 1394 796 1465 praeter
811 1383 1053 1465 discrepantiam
1070 1385 1246 1464 scripturae

64 1469 139 1531 libri
172 1472 195 1531 0
223 1480 254 1532 et
283 1470 414 1532 selectas
442 1471 582 1532 uirorum
618 1469 779 1532 doctorum
809 1471 1005 1532 coniecturas
1033 1471 1248 1550 congessimus

65 1557 206 1636 plenius,
241 1575 336 1635 quam
359 1574 377 1616 a
398 1555 558 1636 prioribus
589 1556 764 1619 editoribus
787 1554 904 1618 factum
933 1565 997 1635 est,
1031 1554 1246 1618 subsidiorum

65 1643 205 1721 illorum,
241 1640 280 1703 de
311 1641 428 1722 quibus
457 1661 555 1722 supra
582 1644 616 1703 in
638 1642 733 1704 buius
755 1641 958 1724 praelationis
980 1641 1070 1704 initio
1093 1642 1242 1721 diximus,

66 1728 219 1790 lectiones
241 1747 259 1788 a
284 1726 561 1808 Gdiscrepantes3
595 1735 690 1808 atque
718 1729 846 1808 Digesta
876 1726 1006 1808 quidem
1037 1726 1076 1789 ad
1100 1726 1248 1790 editionis

64 1815 337 1892 Mommsenianae,
363 1813 578 1876 Institutiones
600 1814 765 1875 Iustiniani
788 1812 829 1875 ad
851 1812 998 1875 editionis
1014 1813 1247 1893 Kruegerianae

66 1898 160 1961 fidem
191 1898 402 1962 laudauimus.
456 1900 621 1962 Maluimus
655 1909 760 1962 autem
794 1901 902 1980 plures
932 1918 1027 1979 quam
1062 1899 1102 1962 ad
1134 1897 1246 1961 Gaium

64 1984 300 2047 emendandum
329 2004 409 2065 opus
439 1994 522 2047 esset
550 1986 693 2048 lectionis
723 1985 950 2067 discrepantias
981 2004 1020 2046 ex
1048 1986 1185 2065 Digestis
1215 1994 1247 2047 et

64 2070 320 2133 Institutionibus
353 2072 519 2133 Iustiniani
557 2081 722 2152 excerptas
758 2071 955 2148 adscribere,
994 2080 1031 2133 nt
1065 2080 1243 2153 appareret,

65 2176 160 2238 quam
183 2157 283 2219 libere
306 2156 469 2219 interdurn
492 2159 521 2218 ei
544 2159 599 2237 qui
622 2159 712 2219 iussu
734 2158 900 2219 Iustiniani
921 2158 1049 2237 Digesta
1071 2157 1248 2219 Institutio-

64 2262 163 2305 nesue
187 2241 426 2323 componebant,
453 2242 602 2304 orationis
618 2241 753 2305 Gaianae
777 2242 906 2305 formam
922 2245 1160 2321 immutassent3
1187 2260 1247 2304 nec

64 2348 174 2409 parum
198 2328 272 2390 inde
295 2327 335 2391 ad
358 2329 453 2390 crisin
477 2337 509 2390 et
531 2329 588 2390 Gai
614 2339 646 2390 et
667 2329 832 2391 Iustiniani
854 2330 1089 2390 Institutionum
1121 2347 1247 2408 promo·

64 2413 203 2476 uendam
224 2412 425 2494 profecimus,
452 2413 538 2495 quod
560 2416 616 2476 hos
631 2415 871 2495 compilatorum
886 2414 1132 2476 Iustinianorum
1148 2412 1247 2475 libros

66 2498 170 2560 denuo
200 2499 400 2561 contulimus.
457 2500 517 2573 Qui
553 2501 772 2580 compilatores
801 2499 995 2579 ubicumque
1030 2507 1161 2579 propter
1195 2500 1247 2560 ius

66 2593 218 2646 nonatum
240 2585 339 2646 uerba
362 2584 478 2647 Gaiana
501 2594 556 2648 aut
578 2585 748 2648 omittendo
771 2595 826 2648 aut
847 2584 993 2649 addendo
1015 2594 1070 2647 aut
1092 2585 1153 2648 alia
1168 2583 1247 2646 sub-

67 2668 228 2731 stituendo
250 2679 463 2750 mutauerunt,
490 2671 524 2734 id
547 2691 646 2752 genus
667 2671 899 2752 discrepantiae
922 2672 955 2732 in
978 2680 1165 2752 apparatum
1183 2672 1247 2732 cri-

67 2756 164 2817 ticum
188 2755 254 2817 fere
277 2774 339 2818 non
361 2759 557 2837 recepimus,
592 2776 651 2818 nec
679 2758 778 2838 magis
807 2757 1047 2836 adnotauimus,
1080 2757 1182 2819 sicubi
1213 2758 1245 2817 in

65 2840 188 2921 periodi
211 2841 345 2904 alicuius
368 2861 410 2904 ex
424 2843 551 2906 Gaianis
572 2843 826 2906 Institutionibus
847 2842 1050 2924 depromptae
1066 2844 1156 2905 initio
1171 2862 1248 2924 par-

64 2927 180 2989 ticulae
204 2928 401 3008 copulatiuae
424 2929 464 2991 ab
486 2930 668 2992 Iustinianis
689 2939 819 3011 propter
840 2930 1068 2992 sententiarum
1090 2947 1245 2991 conexum

64 3022 202 3074 mutatae
225 3024 310 3076 sunt.
350 3015 430 3076 Raro
453 3024 608 3077 mutatum
635 3017 667 3076 in
690 3014 854 3078 Iustiniani
885 3015 1140 3077 Institutionibus
1169 3033 1247 3076 uer-

64 3100 177 3161 borum
199 3098 344 3161 ordinem
366 3118 429 3162 non
453 3102 661 3180 enotauimus,
686 3100 742 3164 ubi
765 3103 1042 3182 transpositionem
1057 3101 1144 3163 illam
1160 3100 1246 3162 arbi-

64 3186 126 3245 trio
157 3185 394 3265 compilatorum
424 3187 668 3248 Iustinianorum
703 3186 813 3249 deberi
853 3186 889 3267 (e.
915 3207 944 3268 g.
979 3205 1020 3248 ex
1046 3187 1246 3266 Digestorum

64 3270 306 3351 comparatione)
330 3280 415 3334 certo
437 3282 577 3352 apparet.
618 3270 721 3353 Atque
743 3273 796 3335 uel
818 3275 917 3353 magis
932 3272 1094 3352 Epitomae
1111 3271 1246 3333 Gaianae

66 3356 217 3419 lectiones
240 3377 256 3417 a
279 3355 386 3418 codice
404 3358 427 3417 G
447 3357 664 3439 discrepantes
686 3359 811 3421 silentio
826 3356 1125 3439 praetermittendae
1141 3366 1241 3418 erant.

151 3443 184 3503 ln
208 3443 424 3522 superiore
447 3443 683 3507 adnotationum
705 3445 869 3524 laterculo,
897 3443 929 3506 id
953 3451 1000 3505 est
1022 3444 1107 3504 inter
1128 3443 1246 3504 uerbo-

133 3647 175 3709 it)
195 3648 327 3699 Notarum
345 3661 410 3699 usus
429 3651 558 3713 ingenioli
576 3651 620 3700 uel
639 3651 785 3701 mediocris
803 3655 854 3712 est,
874 3650 1071 3700 exercitationis
1086 3652 1174 3700 tamen
1187 3662 1246 3698 ma·

65 3717 161 3766 rimae.
200 3717 292 3780 ltaque
316 3721 445 3781 quoniam
469 3731 524 3768 non
550 3732 659 3780 omnes,
685 3721 732 3782 qui
757 3718 809 3769 hac
833 3719 952 3770 editione
976 3720 1094 3779 utentur,
1121 3730 1245 3780 magnam

65 3784 139 3834 illam
158 3787 284 3835 notarum
302 3785 474 3837 sollemnium
494 3788 599 3850 copiam
618 3789 750 3838 memoria
768 3786 913 3845 tenebunt,
941 3788 968 3835 in
993 3789 1125 3851 apparatu
1149 3787 1244 3836 critico

64 3851 119 3903 lere
138 3856 294 3904 constanter
311 3868 360 3918 pro
378 3856 443 3920 ipsis
462 3855 566 3906 codicis
582 3856 601 3907 C
618 3858 688 3906 notis
707 3857 802 3906 harum
822 3856 1028 3920 explicationem
1047 3854 1173 3906 dedimus
1186 3854 1247 3913 (ad-

64 3921 121 3971 dito
138 3925 169 3971 ut
186 3936 236 3986 par
253 3926 294 3973 est
309 3922 343 3973 cn
364 3922 399 3986 [id
419 3927 459 3975 est
478 3925 517 3976 »C
531 3938 580 3986 per
598 3924 711 3988 noiomo]
732 3924 829 3988 signo).
860 3925 1035 3975 Accuratiora
1053 3923 1087 3973 de
1103 3924 1146 3974 his
1159 3924 1246 3986 scrip-

64 3992 141 4040 turae
167 3991 349 4055 compendiis,
377 3993 475 4056 quibus
498 3992 568 4043 liber
589 3992 609 4043 C
630 3992 765 4055 abundat,
792 3995 838 4057 qui
863 3995 932 4043 scire
954 3992 1042 4055 uolet,
1069 3994 1092 4042 is
1116 3992 1195 4042 adeat
1215 3990 1247 4040 0⁸

61 4072 123 4123 pag.
140 4062 284 4112 ata-ota.
