2902 4830
254 320 265 368 1
287 319 445 384 §tao-ru
648 351 735 362 ...
780 316 821 380 34
865 351 951 362 ..-

173 508 233 570 437
256 507 445 587 habeantur,
471 523 553 586 quae
577 506 609 566 in
633 506 696 567 uiri
719 502 825 589 malnu
848 514 933 568 sunt.

574 762 873 848 l--moocipatc'one
895 762 1048 825 desinunt
1077 765 1111 824 in
1140 783 1237 826 manu
1262 782 1344 843 esse,

260 862 291 914 et
320 852 348 913 si
378 870 418 912 ex
448 869 486 913 ea
515 850 746 930 mancipatione
768 849 980 911 manumissae
1008 850 1147 929 luerint,
1184 851 1236 912 sui
1268 851 1380 912 iurlsa

170 938 246 1001 437ὓ
262 933 462 1021 ellficiuoter.
870 954 952 1014 quae
1345 932 1349 1019 4

259 1056 948 1068 --—-—--—-—---
970 1040 1081 1102 cogere
1097 1018 1351 1105 coemptilonato-

259 1130 327 1172 rem
339 1117 446 1190 potest,
462 1117 498 1172 ut
511 1127 544 1170 ae
559 1109 760 1189 remancipet,
777 1109 828 1168 cui
840 1107 911 1188 ipsa
922 1104 1011 1192 uellit

261 1197 358 1257 nihilo
388 1197 489 1274 magis
514 1203 618 1276 potest
646 1213 769 1274 cogere,
789 1190 801 1276 44
818 1212 915 1273 quam
948 1203 980 1256 et
1015 1194 1081 1256 lilia
1110 1203 1246 1274 patrem.
1296 1195 1437 1270 sedpagat

262 1283 326 1345 filia
357 1281 488 1362 quidem
517 1281 606 1343 nullo
635 1281 726 1342 modo
760 1288 883 1359 patrem
916 1288 1022 1361 potest
1054 1299 1183 1360 cogere,
1226 1281 1352 1342 etiamsi
1372 1294 1399 1339 ro

262 1368 413 1450 adoptiua
436 1370 493 1445 sit;
527 1367 605 1428 haec
634 1375 739 1429 autem
763 1361 901 1452 (uirum)
924 1366 1060 1446 repudio
1090 1368 1185 1428 misso
1215 1367 1352 1448 proinde

263 1455 444 1536 conpellere
466 1462 579 1534 potest,
605 1462 701 1533 atque
725 1453 752 1514 si
776 1454 805 1515 ei
828 1470 1003 1532 numquam
1025 1461 1126 1532 nupta
1147 1451 1275 1516 fuisset.

180 1544 240 1604 438
350 1542 377 1602 Ii
406 1541 463 1621 qui
493 1541 525 1600 in
556 1558 650 1601 causa
677 1539 828 1620 mancipii
855 1547 946 1616 sunt,
984 1537 1060 1618 quia
1089 1558 1256 1601 seruorum
1286 1540 1354 1600 loco

264 1626 430 1704 habentur,
456 1624 610 1704 uindicta,
638 1644 747 1704 censu,
777 1633 965 1686 testamento
988 1625 1174 1687 manumissi
1197 1625 1248 1686 sui
1273 1627 1355 1687 iuris

180 1717 239 1776 439
264 1714 358 1775 fiunt.
398 1713 462 1773 Nec
482 1719 589 1772 tamen
606 1712 639 1771 in
654 1711 713 1772 hoc
728 1730 804 1774 casu
819 1711 873 1771 lex
886 1709 977 1772 Aelia
993 1711 1101 1773 Sentia
1116 1710 1220 1771 locum
1241 1711 1352 1773 habet.
1373 1727 1401 1772 45

265 1802 372 1878 itaque
395 1797 475 1857 nihil
498 1797 702 1876 requirimus,
730 1798 822 1859 cuius
845 1797 957 1858 aetatis
980 1798 1021 1858 sit
1042 1798 1069 1858 is
1085 1797 1142 1877 qui
1158 1798 1356 1858 manumittit

266 1896 298 1946 et
320 1884 376 1964 qui
399 1882 649 1959 manumittitur3
676 1901 713 1943 ac
728 1902 767 1943 ne
783 1883 864 1944 illud
879 1881 1020 1962 quidem,
1043 1902 1083 1945 an
1099 1891 1269 1963 patronum
1286 1903 1357 1945 cre-

266 1970 444 2033 ditoremue
467 1969 680 2030 manumissor
702 1968 828 2032 haheat.
861 1987 897 2031 ac
912 1987 953 2029 ne
971 1988 1126 2030 numerus
1142 1969 1274 2048 quidem
1289 1970 1357 2048 lege

183 2059 241 2121 440
265 2056 352 2118 Fufia
376 2055 506 2117 Caninia
528 2053 637 2115 finitus
660 2055 693 2114 in
723 2055 774 2116 his
803 2055 949 2135 personis
980 2056 1085 2116 locum
1114 2055 1223 2118 habet.
1271 2056 1357 2128 Quin

268 2143 364 2205 etiam
386 2142 489 2202 inuito
509 2159 635 2219 quoque
651 2160 688 2202 eo
704 2142 795 2202 cuius
811 2142 844 2201 in
860 2142 1017 2221 mancipio
1034 2150 1120 2220 sunt,
1140 2161 1239 2203 censu
1255 2141 1357 2203 liher—
1375 2157 1402 2202 ao

268 2238 366 2291 tatem
394 2227 546 2306 consequi
575 2236 724 2307 possunt,
759 2236 891 2307 excepto
922 2246 958 2287 eo
988 2246 1084 2307 quem
1105 2236 1197 2308 pater
1220 2247 1257 2290 ea
1286 2228 1357 2308 lege

269 2312 426 2395 mancipio
449 2311 546 2390 dedit,
574 2322 610 2374 ut
632 2312 694 2375 sibi
724 2314 979 2393 remancipetur3
1016 2333 1090 2374 nam
1124 2312 1358 2393 quodammodo

269 2411 344 2463 tunc
380 2409 472 2481 pater
508 2407 696 2480 potestatem
733 2401 895 2480 propriam
928 2418 1095 2462 reseruare
1129 2398 1186 2461 sihi
1227 2399 1359 2461 uidetur

271 2508 307 2550 eo
337 2489 421 2568 ipso,
456 2486 541 2566 quod
563 2487 721 2567 mancipio
751 2487 876 2566 recipit.
916 2504 953 2547 ac
975 2505 1016 2546 ne
1050 2486 1077 2546 is
1111 2485 1242 2565 quidem
1278 2485 1359 2548 diei-

271 2584 324 2636 tur
355 2574 457 2635 inuito
495 2592 531 2634 eo
567 2573 658 2634 cuius
691 2573 724 2633 in
752 2569 908 2651 mancipio
943 2579 1008 2651 est,
1045 2590 1142 2633 censu
1176 2570 1359 2634 libertatem
1376 2587 1404 2632 25

271 2661 435 2738 consequi,
450 2678 546 2738 quem
557 2668 649 2739 pater
660 2678 701 2719 ex
712 2660 817 2719 noxali
830 2676 926 2719 causa
942 2657 1109 2737 [mancipio
1122 2657 1235 2738 deditl,
1255 2659 1359 2720 ueluti

272 2744 361 2825 quod
382 2744 460 2805 furti
483 2747 553 2805 eius
574 2746 701 2806 nomine
725 2743 892 2806 damnatus
923 2752 982 2820 est,
1025 2743 1068 2824 [et
1090 2743 1175 2824 eum]
1201 2745 1360 2824 mancipio

188 2835 242 2894 444
273 2832 369 2892 actori
394 2829 496 2908 dedit;
524 2848 597 2891 nam
619 2830 706 2890 hunc
720 2839 806 2891 actor
821 2849 878 2909 pro
894 2830 1032 2909 pecunia
1047 2828 1153 2891 habet.
1184 2831 1219 2890 ln
1235 2849 1359 2891 summa

274 2914 465 2977 admonendi
488 2934 600 2976 sumus
623 2914 780 2977 aduersus
796 2935 849 2977 eos
873 2934 953 2994 quos
968 2918 1001 2976 in
1018 2916 1175 2995 mancipio
1190 2915 1357 2994 habemus,

273 3041 519 3059 ΜΛΛΛΛΛΛΛΛΛΛΛΑ

346 3107 356 3152 4
378 3102 530 3153 habeantur
551 3103 689 3163 Gcescheo,
710 3102 842 3154 habeatur
862 3103 881 3153 G
901 3102 912 3166 n
935 3105 1000 3152 l-l
1020 3117 1118 3164 corum,
1138 3118 1204 3166 quae
1219 3111 1280 3167 post
1298 3108 1362 3155 sunt

275 3173 409 3233 arctabant,
428 3174 492 3222 dccc
510 3185 545 3221 aar
559 3177 638 3233 parte
656 3172 784 3222 Huschlc‘o
802 3173 869 3222 hanc
885 3172 941 3235 (cre
958 3175 1110 3222 sententiam
1132 3174 1215 3236 scisse
1239 3176 1363 3236 opinatur

276 3245 412 3306 Krccqer:
431 3242 460 3290 ln
479 3254 562 3291 manu
580 3243 670 3290 autem
688 3254 748 3291 esse
761 3241 890 3291 mulieres
902 3241 1030 3292 desinunt
1043 3242 1129 3291 isdem
1142 3243 1242 3303 modis,
1261 3243 1363 3306 quibus

276 3312 347 3363 filiae
365 3310 483 3361 familias
499 3311 635 3375 potestate
660 3311 743 3374 patris
767 3308 929 3370 liberantur;
957 3311 1028 3361 sicut
1051 3311 1134 3373 igitur
1157 3310 1229 3360 filiae
1247 3310 1363 3362 familias

275 3395 329 3432 una
347 3380 548 3445 mancipatione
571 3378 605 3428 de
626 3380 759 3443 potestate
776 3379 861 3442 patris
879 3382 993 3441 exeunt,
1019 3379 1055 3428 ita
1074 3392 1121 3429 eae
1144 3381 1260 3443 quaein
1279 3393 1364 3430 manu

276 3453 354 3514 sunt,
381 3463 436 3499 una
464 3449 668 3512 mancipatione
691 3447 840 3498 desinunt
857 3446 893 3498 in
910 3461 1006 3499 manu
1024 3461 1092 3498 ease
1111 3451 1163 3498 etc.
1189 3447 1200 3511 ΙΙ
1224 3453 1238 3498 a
1264 3462 1365 3499 manu-

276 3521 375 3570 missae
387 3519 513 3578 Huschke,
534 3517 702 3568 manumissa
718 3517 762 3576 0¹²,
778 3517 845 3579 conf.
863 3517 894 3567 0³
907 3531 971 3581 paq.
985 3519 1035 3571 279
1048 3530 1118 3566 uera.
1135 3523 1166 3567 lo
1185 3518 1196 3580 41
1215 3522 1282 3566 6-9
1297 3520 1365 3568 hanc

276 3589 332 3651 scre
349 3591 504 3638 scatentium
521 3587 681 3648 expressisse
698 3587 804 3636 uidetur
824 3586 919 3636 Gaius:
944 3589 1095 3636 inteream
1113 3599 1180 3636 uero
1199 3599 1280 3646 quae
1299 3600 1365 3637 cum

277 3659 418 3718 extraneo,
439 3660 465 3706 et
483 3669 543 3706 eam
560 3667 631 3719 quae
650 3668 713 3704 cum
731 3656 793 3704 uiro
811 3667 861 3705 suo
875 3656 1074 3719 coemptionem
1087 3653 1192 3716 lecerit,
1212 3657 1266 3706 hoc
1279 3657 1366 3706 inter-

278 3729 328 3784 est,
349 3725 423 3788 quod
441 3726 487 3775 illa
504 3724 613 3804 quidem
628 3736 738 3786 cogere
751 3723 1041 3804 coemptionamrem
1052 3726 1146 3804 potest,
1166 3729 1199 3774 ut
1212 3738 1367 3806 sereman-
1439 3787 1441 3792 Ι

277 3793 721 3923 444444444444444444
732 3795 1035 3925 tllmcllllltll
1051 3790 1368 3924 llhlllffildlal

280 3943 377 3995 gogere
393 3929 413 3981 0
430 3931 441 3993 44
459 3935 486 3980 44
509 3932 601 3981 uirum
620 3936 680 3981 acte
697 3931 812 3995 proinde
825 3933 897 3981 addit
912 3931 1041 3981 Gcesclrca
1058 3931 1069 3994 ΙΙ
1089 3932 1119 3979 44
1139 3932 1206 3994 cous.
1224 3931 1256 3982 ca
1274 3932 1286 3994 ΙΙ
1305 3945 1367 3981 rna-

280 3999 381 4050 numisi
403 3999 446 4058 0¹¹,
466 4001 532 4063 conf.
556 4001 589 4051 0³
603 4014 665 4063 pap.
678 4003 727 4053 279
747 3999 757 4062 ΙΙ
777 4003 807 4049 48
827 4000 852 4051 le
871 4013 885 4048 e
905 3999 976 4049 Fufia
994 3999 1107 4050 Caninia
1125 4000 1279 4061 Monaesen,
1299 4001 1368 4063 legis

280 4068 328 4121 lul.
349 4081 409 4119 can.
427 4067 460 4118 0¹¹
473 4069 552 4131 (conf.
570 4068 602 4119 (5³
616 4082 677 4132 paq.
690 4071 740 4121 275
754 4070 835 4130 seqq.)
853 4013 913 4134 dil
932 4067 1006 4131 quod
1022 4068 1160 4128 troesenen,
1181 4083 1235 4132 quo
1251 4069 1278 4130 C,
1299 4069 1368 4132 conf.

284 4138 317 4190 0²
331 4151 394 4203 pap.
409 4142 459 4190 295
478 4136 489 4198 ll
509 4140 540 4186 26
559 4142 583 4186 ct
601 4141 632 4185 27
652 4139 733 4188 uerba
750 4139 824 4186 uncis
841 4138 943 4187 inclusa
961 4138 1061 4198 nepulit
1079 4139 1230 4191 Mommsen.
