2902 4830
186 303 221 352 111
239 300 366 367 §rs-rs
567 334 652 345 -.-
699 301 759 364 118
805 333 887 343 -..

186 490 245 552 hoc
266 498 389 552 tantum
412 489 508 551 babet
530 488 711 549 testamenti
734 486 909 567 factionem,
936 497 973 549 ut
994 497 1164 569 patronum
1180 489 1281 552 here·

187 576 260 639 dem
283 576 429 636 instituat
451 577 560 655 eique,
588 575 614 635 si
638 574 731 635 heres
755 593 825 636 esse
848 573 1003 654 noluerit,
1030 574 1130 636 alium
1152 576 1280 638 substi-

123 663 160 723 73
186 672 276 724 tuere
299 662 411 742 possit.
451 661 490 721 Et
513 661 588 740 quia
608 659 667 720 hac
682 661 906 722 constitutione
922 622 1096 722 uidebatur
1111 663 1276 742 effectum,

173 757 285 809 utne
308 765 465 847 umquam·
484 747 537 807 isti
559 747 702 807 homines
724 754 887 826 tamquam
909 747 997 808 ciues
1014 747 1144 808 Romani
1168 767 1279 810 more·

186 842 308 913 rentur,
335 833 484 912 quamuis
508 851 543 893 eo
567 833 636 894 iure
659 841 769 912 postea
786 832 837 894 usi
853 842 970 911 essent,
998 851 1060 912 quo
1077 833 1131 895 uel
1147 834 1278 914 exlege
1297 847 1313 892 a

186 917 275 980 Aelio
298 918 385 980 Sent’
362 927 406 979 t1a
435 920 489 980 uel
519 937 559 980 ex
589 919 863 980 senatusconsulto
886 921 975 980 ciues
996 919 1130 980 Romani
1153 929 1275 1000 essent,

188 1005 285 1067 diuus
307 1003 486 1066 Hadrianus
516 1005 687 1084 iniquitate
711 1003 759 1065 rei
781 1013 886 1066 motus
909 1014 1019 1066 auctor
1041 1005 1103 1067 fuit
1126 1014 1281 1068 senatus-

188 1089 325 1153 consulti
345 1089 501 1171 faciendi,
536 1099 571 1152 ut
601 1091 657 1170 qui
686 1089 851 1169 ignorante
874 1091 928 1152 uel
951 1099 1119 1153 recusante
1141 1101 1279 1172 patrono

188 1178 228 1239 ab
257 1178 446 1258 imperatore
476 1177 528 1238 ius
551 1176 723 1250 Quiritium
754 1177 915 1238 consecuti
938 1187 1059 1256 essent,
1093 1179 1120 1238 si
1144 1197 1181 1238 eo
1205 1178 1279 1239 iure

188 1272 298 1344 postea
320 1262 371 1324 usi
395 1272 512 1342 essent,
538 1281 601 1342 quo
625 1282 665 1325 ex
688 1262 757 1343 lege
773 1260 862 1344 Aelia
878 1262 983 1324 Sentia
1000 1263 1054 1325 nel
1071 1281 1111 1324 ex
1126 1272 1279 1325 senatus·
1298 1275 1327 1318 11

189 1350 348 1427 consulto,
376 1349 403 1410 si
425 1349 528 1410 Latini
551 1350 755 1428 mansissent,
783 1347 947 1410 ciuitatem
969 1350 1140 1410 Romanam
1165 1369 1278 1412 conse-

190 1444 378 1516 querentur,
405 1434 539 1515 proinde
563 1434 626 1515 ipsi
649 1434 847 1496 haberentur
868 1454 904 1496 ao
926 1435 953 1495 si
977 1435 1046 1515 lege
1062 1433 1151 1496 Aelia
1167 1437 1278 1499 Sentia

189 1522 243 1583 uel
267 1521 541 1583 senatusconsulto
564 1520 605 1582 ad
627 1519 790 1582 ciuitatem
811 1521 982 1581 Romanam
1005 1521 1244 1601 peruenissent.
1269 1519 1279 1605 11

126 1607 164 1668 lt
274 1608 392 1668 Eorum
415 1616 520 1668 autem
544 1626 624 1687 quos
647 1607 700 1667 lex
721 1605 811 1668 Aelia
833 1607 943 1668 Sentia
966 1605 1192 1669 dediticiorum
1215 1615 1353 1679 nu-pgat

189 1712 274 1754 mero
298 1691 381 1771 facit,
409 1692 492 1754 bona
511 1692 603 1754 modo
620 1692 712 1772 quasi
727 1693 841 1754 cittium
855 1695 1059 1754 Romanorum
1073 1693 1275 1771 libertorum,
1297 1705 1324 1749 ts

126 1779 165 1840 75
190 1777 281 1839 modo
305 1778 398 1859 quasi
413 1779 594 1839 Latinorum
618 1777 658 1839 ad
680 1787 829 1858 patronos
851 1778 1024 1859 pertinent.
1065 1780 1143 1840 Nam
1167 1799 1278 1841 eorum

189 1864 272 1925 bona
295 1864 369 1945 qui,
401 1865 482 1925 siin
507 1865 613 1945 aliquo
637 1865 717 1925 uitio
739 1883 803 1925 non
826 1874 948 1943 essent,
976 1867 1165 1927 manumissi
1189 1865 1278 1927 ciues

189 1950 321 2010 Romani
349 1949 450 2011 futuri
477 1958 599 2028 essent,
636 1950 728 2030 quasi
756 1952 876 2011 ciuium
899 1952 1111 2012 Romanorum
1132 1951 1278 2031 patronis

191 2034 306 2100 eadem¹
326 2035 395 2115 lege
418 2035 617 2098 tribuuntur.
651 2045 842 2099 nontamen
865 2036 895 2096 bi
919 2036 1038 2098 babent
1060 2037 1156 2098 etiarn
1179 2045 1279 2098 testa-

192 2121 291 2182 menti
314 2120 499 2205 factionem,
525 2141 600 2183 nam
622 2119 655 2181 id
679 2122 844 2202 plerisque
867 2123 997 2202 placuit,
1024 2142 1085 2184 nec
1106 2124 1274 2185 inmerito:
1296 2133 1326 2177 2⁰

191 2227 264 2269 narn
288 2206 476 2269 incredibile
498 2207 670 2270 uidebatur
691 2209 850 2288 pessimae
874 2208 1069 2270 condicionis
1092 2209 1279 2271 bominibus

192 2293 333 2355 uoluisse
368 2294 448 2374 legis
477 2295 607 2356 latorem
636 2295 816 2355 testamenti
846 2293 979 2355 faciendi
1010 2295 1062 2356 ius
1091 2293 1276 2356 concedere.

129 2379 168 2440 76
192 2382 311 2442 Eorum
333 2400 410 2442 uero
432 2381 515 2442 bona
538 2381 609 2462 qui,
637 2378 664 2440 si
687 2399 749 2440 non
773 2381 806 2440 in
830 2380 937 2460 aliquo
959 2382 1039 2442 uitio
1061 2390 1184 2460 essent,
1212 2401 1281 2442 ma·

192 2466 329 2528 numissi
352 2465 452 2528 iuturi
474 2467 576 2528 Latini
601 2473 724 2543 essent,
754 2465 888 2545 proinde
911 2467 1098 2528 tribuuntur
1119 2467 1275 2547 patronis,

193 2573 230 2614 ac
251 2554 277 2614 si
294 2553 397 2615 Latini
417 2552 640 2615 decessissent.
671 2571 729 2613 neo
752 2571 802 2613 me
825 2553 981 2633 praeterit
1003 2572 1068 2614 non
1091 2554 1169 2615 satis
1192 2555 1227 2614 in
1243 2572 1278 2615 ea
1297 2561 1328 2607 2⁵

193 2658 227 2700 re
251 2640 330 2718 legis
354 2640 486 2700 latorem
508 2640 705 2700 uoluntatem
729 2657 820 2698 suam
843 2637 954 2700 uerbis
977 2640 1185 2719 expressisse.

130 2723 169 2786 77
278 2724 447 2786 Videamus
474 2735 579 2787 autem
609 2734 640 2786 et
668 2722 706 2784 de
728 2743 765 2785 ea
788 2724 990 2786 successione
1013 2744 1098 2805 quoe
1121 2725 1216 2786 nobis
1240 2742 1281 2786 ex

130 2811 169 2871 78
194 2811 355 2889 emptione
379 2810 532 2871 bonorum
556 2810 705 2892 conpetit.
744 2811 830 2872 Bona
852 2820 958 2871 autem
981 2820 1126 2872 ueneunt
1149 2819 1206 2873 aut
1228 2810 1281 2872 ui-

193 2914 307 2955 uorum
331 2904 384 2956 aut
407 2906 619 2957 mortuorum:
645 2894 795 2959 uiuorum
819 2896 921 2957 ueluti
945 2915 1053 2957 eorum
1076 2897 1133 2976 qui
1149 2896 1281 2959 frauda-

193 2979 289 3040 tionis
313 2999 406 3042 causa
428 2982 554 3043 latitant
575 3002 634 3044 nec
650 2981 798 3044 absentes
814 2980 1049 3059 defenduntur3
1076 2983 1153 3043 item
1169 3002 1280 3044 eorum
1298 2991 1329 3037 3⁰

194 3065 249 3146 qui
274 3084 313 3126 ex
335 3066 404 3146 lege
420 3068 500 3127 lulia
522 3066 610 3129 bonis
633 3065 766 3144 cedunt3
793 3068 868 3129 item
884 3067 1096 3129 iudicatorum
1111 3077 1183 3147 post
1201 3078 1281 3130 tem-

192 3171 253 3231 pus
277 3151 363 3232 quod
385 3155 431 3213 eis
454 3153 568 3232 partim
591 3153 660 3234 lege
676 3153 722 3215 ιῖιι
737 3152 917 3215 tabularum
933 3155 1047 3234 partim
1064 3153 1168 3215 edicto
1184 3174 1281 3235 prae-

193 3239 270 3300 toris
292 3237 333 3300 ad
349 3237 580 3317 expediendam
595 3241 760 3319 pecuniam
777 3239 941 3301 tribuitur.
982 3248 1178 3302 mortuorum
1197 3241 1281 3302 bona

194 3366 242 3378 dvv
245 3363 1278 3383 xwvmmmvwvvmmmwvvvvwmAvaxvavawvxmwmmAAmw

263 3431 273 3474 1
297 3426 336 3490 ut]
350 3430 398 3478 aut
413 3425 432 3476 C
448 3425 459 3488 11
478 3431 492 3475 2
513 3428 591 3490 eique
607 3427 744 3485 Goesclreo,
765 3428 839 3490 eiqui
854 3426 881 3488 C,
896 3427 964 3489 coos.
981 3426 1012 3476 Ge
1026 3440 1089 3491 pop.
1104 3433 1155 3482 290
1172 3427 1185 3491 11
1204 3432 1219 3478 5
1238 3429 1281 3477 usi

197 3496 334 3558 Gooscbeo,
356 3497 408 3545 utsi
424 3494 468 3558 01
487 3499 502 3544 6
521 3495 595 3545 Aelia
613 3496 703 3545 Sentia
719 3496 857 3557 Goesctoo,
877 3495 927 3546 is
948 3494 974 3555 0,
994 3496 1062 3558 coos.
1084 3495 1115 3545 0³
1130 3510 1194 3559 pop.
1210 3493 1283 3562 25711

195 3569 208 3612 8
228 3563 348 3615 faciundi
364 3565 503 3628 Goesclteo,
522 3563 651 3628 paciundi
667 3563 686 3614 C
700 3564 711 3626 11
731 3569 757 3612 11
781 3565 946 3615 mansissent
961 3566 1099 3626 Gocscbeo,
1119 3566 1280 3616 manumissi

195 3637 285 3684 essent
306 3633 325 3684 C
345 3634 420 3697 (coos.
443 3633 475 3683 0⁸
490 3647 551 3696 paq.
564 3634 625 3689 279)
645 3633 655 3696 1
678 3638 708 3682 15
728 3634 830 3683 ciuium
843 3635 1027 3689 Romanorum
1045 3633 1184 3693 Gocscbeo,
1205 3635 1236 3684 s'c
1251 3633 1277 3695 C,

195 3703 262 3765 coos.
285 3701 488 3766 0111112621
506 3703 666 3752 libertorum
687 3702 825 3763 Goosclteo,
846 3701 1010 3753 libust-orum
1031 3701 1058 3762 C,
1079 3703 1146 3766 eoos.
1170 3703 1203 3753 ca
1218 3716 1281 3765 pap.

194 3775 245 3822 258
264 3776 288 3821 et
302 3785 365 3835 pop.
380 3774 432 3826 27⁶
447 3771 458 3833 11
478 3775 508 3820 tt
529 3773 552 3822 si
570 3773 598 3821 in
614 3772 752 3832 Gocsclteu,
773 3773 815 3822 sin
830 3770 850 3820 C
866 3771 876 3833 11
897 3775 926 3820 18
946 3770 1031 3821 futuri
1046 3771 1186 3834 Goescltec,
1207 3770 1281 3821 iutu-

195 3842 233 3887 ris
249 3838 268 3888 C
285 3838 295 3901 11
313 3844 345 3888 19
364 3841 391 3891 hi
408 3841 546 3904 Goesolteo,
561 3842 609 3891 ui‘l
624 3840 651 3900 C,
666 3841 732 3903 coos.
750 3839 781 3889 ca
799 3840 810 3904 11
829 3842 861 3888 ii
875 3838 957 3889 futuri
970 3840 1046 3890 latini
1063 3839 1090 3900 C,
1108 3841 1184 3890 latini
1197 3839 1281 3891 futuri

196 3908 327 3957 Poleooor
336 3911 504 3970 probabiliter
520 3909 531 3973 11
551 3913 582 3959 25
603 3910 688 3960 Latini
704 3910 842 3969 (locedien,
864 3909 955 3959 latinis
970 3907 989 3958 C
1004 3909 1015 3972 11
1034 3912 1065 3957 26
1085 3909 1279 3972 legislatorem

198 3976 336 4037 Goesclteo,
357 3978 572 4042 legislegatorem
588 3979 629 4042 011
642 3980 808 4043 expressisse
824 3978 963 4040 (locedien,
982 3989 1109 4042 expresse
1125 3977 1158 4028 0¹¹
1171 3977 1182 4042 11
1195 3982 1227 4027 27
1246 3977 1279 4027 do

196 4058 229 4094 ea
243 4044 381 4108 Goesclteo,
401 4047 451 4098 dea
468 4047 487 4098 C
503 4047 513 4109 11
533 4052 564 4096 28
584 4048 719 4098 bonorum
735 4047 873 4107 Goesclteo,
893 4045 1026 4097 bonarum
1042 4045 1061 4096 C
1077 4046 1088 4110 11
1107 4049 1139 4095 ³2
1159 4049 1200 4098 eis
1218 4061 1281 4112 par-

196 4114 245 4163 tim
267 4112 404 4177 Gootcboo,
425 4117 484 4166 eins
502 4117 573 4181 parti
595 4116 622 4167 G.
