2902 4830
623 281 927 322 -xiv—

188 451 202 512 i
207 453 342 514 eriora
358 449 593 512 adnotationum
608 450 759 512 laterculo
774 461 917 512 accurate
934 449 1156 512 adnotauimus
1167 448 1218 532 ¹⁷).
1253 451 1383 514 Omisi-

185 557 257 600 mus
279 547 383 601 tamen
408 537 442 596 in
471 545 625 616 apparatu
654 537 761 597 critico
791 537 883 617 longe
912 537 1049 617 plurima
1076 555 1185 598 eorum
1215 555 1303 616 quae
1338 539 1381 602 ad

186 624 285 686 solam
309 642 376 683 rem
398 622 669 702 orthographioam
682 622 715 704 ¹⁸)
735 622 788 683 uel
804 621 950 684 adnotes
969 621 1048 703 (siue
1064 621 1252 703 compendia
1268 627 1381 706 scrip-

185 720 275 771 turae
299 706 472 788 sollemnia)
498 708 613 770 leuiter
634 717 800 787 corruptas
821 709 1000 788 pertineut3
1032 726 1114 787 quae
1138 709 1165 769 si
1187 709 1379 790 relinquam

185 804 217 856 ct
239 794 370 856 inertiae
393 811 482 854 meae
504 793 630 874 largiar,
655 812 717 855 non
740 812 854 856 uereor
872 812 912 855 ne
928 794 1008 855 mihi
1023 795 1200 856 irascantur
1215 795 1375 858 lectores:

185 899 223 943 ea
245 880 350 942 omnia
372 879 398 939 si
421 879 494 959 quis
517 880 696 942 accuratius
718 898 904 960 cognoscere
926 880 1017 957 uelit,
1043 879 1134 942 adeat
1156 879 1192 940 O·
1214 887 1246 941 et
1268 882 1379 962 inpri-

186 966 247 1027 mis
275 965 397 1027 indices
424 972 570 1027 notarum
599 975 630 1026 et
659 960 935 1046 orthographicum
969 963 1017 1046 (0²
1039 985 1112 1046 pag.
1138 966 1312 1030 ate-aia
1346 976 1379 1030 et

184 1071 258 1132 pag.
277 1051 472 1134 aie-3at);
499 1051 677 1131 apographo
700 1051 784 1112 enim
807 1070 876 1113 meo
898 1070 1006 1114 carere
1021 1053 1147 1112 omnino
1161 1070 1225 1113 non
1240 1055 1373 1134 poterit,

185 1138 213 1198 si
240 1138 313 1218 quis
343 1137 438 1198 crisin
468 1134 618 1199 Gaianam
646 1146 731 1199 recte
760 1136 926 1199 instituere
955 1138 1103 1199 uoluerit.
1159 1136 1308 1200 Ceterum
1340 1150 1378 1201 ut

186 1241 314 1302 eorum,
341 1223 398 1302 qui
421 1223 480 1285 hac
509 1222 647 1284 editione
677 1224 769 1285 usuri
797 1232 922 1301 essent,
953 1221 1115 1284 commodo
1143 1224 1372 1305 inseruiretur‚

187 1309 339 1371 nonnulla
361 1310 394 1369 in
418 1328 534 1389 genere
557 1309 796 1389 orthographica
812 1308 936 1371 firmius
950 1307 1172 1370 constituenda
1185 1311 1376 1388 putauimus

187 1413 283 1476 quam
298 1395 415 1457 iactum
431 1394 533 1457 adhuc
548 1404 596 1457 ast
605 1394 639 1477 19)
652 1414 659 1471 ;
679 1396 787 1475 itaque
803 1395 897 1458 etiam
914 1396 1013 1456 inuito
1028 1394 1109 1455 libro
1127 1394 1231 1456 Giara
1247 1394 1376 1476 ubique

184 1490 378 1543 constantem
407 1480 582 1542 eorundem
610 1480 839 1543 uocabulorum
870 1479 1124 1561 orthographiam
1152 1480 1185 1541 in
1217 1490 1374 1545 contextu

183 1568 397 1643 restituimus;
424 1567 457 1627 in
480 1584 543 1646 quo
565 1567 720 1628 inclinetis
743 1565 859 1628 litteris
881 1567 932 1628 usi
949 1585 1070 1645 sumus,
1097 1566 1293 1646 ubicumque
1318 1569 1372 1630 uel

183 1653 217 1714 in
245 1652 386 1713 minimis
415 1650 663 1731 orthographicis
686 1671 704 1713 a
726 1650 800 1712 libri
824 1652 847 1712 G
868 1653 1054 1714 auctoritate
1082 1652 1286 1715 recessimus.
1337 1655 1372 1715 ln

182 1737 259 1799 locis
281 1738 338 1813 eis,
365 1736 420 1816 qui
442 1737 504 1797 nisi
526 1736 639 1798 audaci
654 1738 836 1799 coniectura
851 1736 977 1799 restitui
993 1747 1169 1818 nequeunt,
1195 1738 1276 1799 etin
1292 1738 1373 1801 locis

182 1822 370 1902 desperatis,
396 1821 436 1884 de
459 1821 578 1903 quibus
600 1822 682 1882 nihil
703 1823 766 1884 nisi
789 1824 927 1885 incertae
950 1831 1087 1905 atquae
1110 1824 1198 1884 uario
1221 1824 1314 1886 modo
1339 1826 1372 1886 in

183 1909 357 1971 uerborum
393 1908 574 1970 Latinorum
612 1908 750 1988 speciem
792 1908 1015 1988 comprehendi
1053 1909 1177 1990 possint
1213 1910 1373 1990 reliquiae

183 2005 374 2075 supersunt,
406 2002 539 2074 propter
568 1994 800 2075 typographum
829 2012 891 2055 non
922 2014 1030 2057 omues
1059 1995 1238 2057 litterarum
1261 1998 1374 2076 apices

183 2081 329 2142 omniaue
351 2079 464 2142 hacilla
488 2079 604 2141 inflexa
627 2090 658 2142 et
680 2081 865 2159 incuruata,
892 2099 974 2161 quae
996 2081 1029 2141 iu
1055 2081 1078 2140 0
1098 2081 1160 2160 legi
1182 2099 1277 2160 posse
1299 2083 1374 2145 uisa

183 2175 268 2244 sunt,
295 2166 379 2247 typis
402 2164 611 2227 describenda
633 2166 829 2245 curauimus,
856 2165 914 2228 sed
936 2166 1157 2246 delegauimus
1178 2168 1314 2229 lectores
1330 2167 1374 2230 ad

185 2252 221 2313 θ’
249 2250 338 2332 (conl.
365 2271 446 2332 eg.
479 2271 552 2332 pag.
577 2250 629 2330 76,
657 2253 694 2312 it
711 2250 821 2331 -77,
845 2252 857 2311 l
893 2253 989 2314 huius
1019 2251 1168 2314 editionis
1190 2260 1252 2314 etc.
1279 2254 1369 2336 etc),

182 2338 395 2418 similiterque
418 2338 452 2397 in
475 2336 651 2418 desperatis
672 2338 862 2419 paginarum
885 2338 1031 2418 partibus
1063 2337 1176 2418 (ueluti
1199 2339 1231 2398 in
1262 2340 1373 2418 priore

182 2435 273 2504 parte
296 2427 430 2505 paginae
453 2423 525 2485 libri
552 2424 640 2506 cit)
667 2443 731 2486 non
755 2422 981 2505 descripsimus
995 2425 1027 2485 iu
1042 2422 1214 2486 uerborum
1230 2423 1374 2489 Gaiano-

182 2530 253 2572 rum
276 2518 427 2572 contextu
448 2510 512 2572 nisi
528 2529 582 2572 aas
596 2511 729 2590 litteras,
755 2529 837 2591 quae
854 2511 991 2591 aliquam
1007 2510 1178 2572 uerborum
1194 2509 1372 2574 latinorum

181 2595 314 2658 formam
335 2595 470 2658 induere
492 2615 585 2676 posse
608 2596 807 2659 uiderentur.

268 2682 378 2743 Notam
400 2680 516 2743 codicis
537 2681 745 2760 Veronensis,
778 2684 862 2744 sicut
890 2701 985 2761 supra
1007 2700 1080 2762 pag.
1105 2701 1123 2741 r
1152 2681 1309 2760 diximus,
1336 2682 1373 2744 in

184 2776 340 2849 apparatu
362 2767 471 2828 critico
494 2785 512 2827 a
533 2767 625 2829 nohis
641 2767 811 2847 composito
826 2767 986 2828 noluimus
1001 2786 1071 2829 esse
1089 2767 1274 2829 Glitteram.
1309 2767 1372 2830 Vbi

182 2854 303 2934 primae
327 2869 439 2913 manus
467 2849 523 2932 (0¹)
552 2852 708 2932 scriptura
730 2860 881 2914 auctare
912 2861 1087 2914 correctore
1118 2851 1290 2914 semidocta
1320 2853 1373 2934 (de

256 3040 299 3102 ti)
319 3040 476 3103 Lagentium
495 3039 582 3090 oculis
600 3043 631 3090 ut
650 3053 887 3100 succurreremus,
915 3041 1093 3104 inapparatu
1117 3041 1213 3091 critico
1236 3038 1374 3092 lectiones

186 3108 290 3160 codicis
309 3107 338 3168 C,
364 3109 411 3172 qui
435 3109 563 3159 continua
588 3111 720 3174 scriptura
744 3109 772 3159 id
791 3113 904 3160 estnon
923 3109 1064 3174 diremptis
1081 3108 1224 3160 uocabulis
1242 3111 1373 3162 exaratus

184 3180 234 3238 est,
253 3179 290 3228 ita
309 3178 587 3242 repraesentauimus,
613 3180 644 3228 ut
661 3177 746 3228 uerba
764 3177 820 3229 iera
840 3180 995 3229 constanter
1013 3179 1148 3243 dirempta
1166 3176 1370 3230 exhiberemus.

184 3245 236 3296 Vbi
253 3250 364 3311 propter
381 3245 567 3310 imperfectam
585 3246 731 3298 lectionem
749 3247 896 3297 nonnullae
914 3247 1019 3298 litterae
1037 3248 1064 3296 in
1081 3247 1101 3298 G
1117 3246 1170 3311 legi
1188 3245 1301 3310 quidem
1314 3261 1372 3297 non

185 3318 312 3380 poterant
328 3315 377 3367 sed
396 3327 466 3379 qnae
483 3313 590 3366 litterae
608 3317 759 3366 extitissent
776 3317 974 3367 sententiarum
993 3329 1099 3366 conexu
1115 3327 1249 3380 perpenso
1267 3314 1374 3378 proba-

184 3383 275 3435 biliter
297 3384 423 3435 diuinare
447 3383 538 3446 licuit,
565 3397 757 3448 nonnusquam
775 3398 821 3436 eas
838 3386 911 3450 ipsas
928 3385 1031 3435 litteras
1049 3386 1092 3435 his
1110 3384 1218 3434 uncinis
1239 3381 1265 3445 (l
1287 3395 1373 3449 saap-

183 3456 226 3504 tas
242 3455 466 3519 perscripsimus:
488 3454 528 3504 sic
547 3451 584 3517 it
599 3457 646 3503 til
667 3453 806 3504 adnotatio
825 3453 860 3504 ad
877 3466 939 3519 pag.
953 3458 984 3504 29
1003 3467 1077 3504 uers.
1093 3457 1124 3501 20
1143 3453 1224 3502 huius
1242 3451 1373 3504 editionis

184 3520 298 3573 anobis
315 3522 451 3587 adscripta
469 3518 657 3588 »lnepltalsuea
675 3522 810 3586 significat
827 3524 855 3572 in
877 3522 966 3586 Glegi
983 3536 1037 3573 non
1062 3523 1184 3587 potuisse
1208 3521 1261 3570 nisi
1286 3533 1369 3573 »sue«

184 3591 297 3653 litteras,
316 3590 459 3655 probabile
476 3594 569 3642 tamen
588 3604 649 3642 esse
666 3593 820 3655 proximum
839 3594 901 3642 ante
919 3592 968 3642 has
985 3591 1089 3641 litteras
1107 3590 1199 3640 locum
1218 3600 1372 3654 occupasse

183 3659 288 3710 litteras
307 3662 417 3724 »nepte«
437 3661 483 3722 ita,
502 3663 534 3710 ut
551 3661 579 3710 in
597 3661 696 3725 prioris
713 3673 812 3711 uersus
830 3662 903 3711 exitu
920 3661 1025 3711 litterae
1045 3672 1144 3724 »nep«.
1165 3659 1192 3708 in
1211 3659 1373 3723 posterioris

183 3741 281 3779 uersus
298 3729 376 3779 initio
395 3728 500 3779 litterae
520 3731 578 3779 »te«
598 3731 660 3779 ante
680 3742 760 3780 »sue«
781 3732 912 3781 extarent.

254 3797 296 3858 it)
314 3796 372 3847 Nec
388 3799 475 3861 magis
491 3797 627 3849 uocabula
645 3799 673 3847 in
695 3797 802 3848 Gmale
820 3798 936 3850 dissecta
954 3798 999 3848 uel
1016 3809 1159 3861 perperam
1178 3794 1286 3847 duobus
1304 3809 1373 3847 uar-

186 3864 263 3916 sibus
280 3865 424 3916 distribnia
442 3867 470 3916 in
488 3870 619 3932 apparatu
637 3867 731 3917 critico
751 3869 924 3930 curauimus;
952 3864 1022 3919 coni.
1043 3865 1077 3916 de
1104 3864 1270 3929 syllabarum
1295 3864 1373 3916 diui·

184 3936 261 3986 sione
283 3934 315 3986 0²
331 3948 393 3999 pag.
406 3949 467 3986 xxm
480 3948 555 3999 seqq.

256 4004 295 4061 49)
320 4006 441 4066 mancipii
465 4006 624 4069 scripsimus
649 4007 819 4065 constanter,
851 4018 885 4056 ne
908 4015 993 4068 prauo
1018 4004 1133 4053 accentu
1158 4002 1229 4052 hanc
1253 3999 1371 4053 formam

185 4073 394 4137 pronuntiarent
411 4073 537 4132 lectores,
558 4075 579 4124 si
598 4077 711 4136 mancipi
729 4076 892 4138 scripturam
910 4073 1049 4135 antiquam
1068 4083 1264 4123 seruassemus.
