2902 4830
510 353 595 366 ....
637 323 677 384 oi
723 355 807 368 ...
1029 323 1052 373 11
1071 323 1197 390 §er-re

118 528 183 590 que
205 516 349 571 nostrum
371 527 442 570 esse
459 509 668 590 intellegitur,
687 509 701 591 ΙΙ
716 508 815 571 donee
829 516 937 572 nostra
951 507 1095 573 custodia
1110 525 1300 586 coer-pegae

116 603 243 670 ceatur3
269 613 342 656 eum
372 612 448 655 uero
479 594 655 657 custodiam
677 603 817 658 nostram
839 596 980 657 euaserit
1001 604 1033 657 et
1056 596 1088 657 in
1104 605 1199 659 natu-

115 681 216 743 ralem
239 678 408 742 libertatem
429 697 462 741 se
483 683 655 760 receperit,
689 700 801 743 rursus
823 682 1007 760 occupantis
1038 680 1088 758 fit,
1123 682 1199 762 quia

115 775 257 829 nostrum
279 783 350 828 esse
371 765 505 843 desinit3
531 767 706 828 naturalem
729 776 836 829 autern
858 766 1039 829 libertatem
1055 767 1198 848 recipere

116 852 258 932 uidetur,
284 871 357 914 cum
379 861 435 913 aut
457 852 562 922 oculos
584 862 707 914 nostros
729 855 878 933 euaserit,
905 861 960 914 aut
981 853 1055 914 licet
1076 854 1109 914 in
1124 868 1232 916 con-c

62 941 95 1001 38
119 947 233 1019 spectu
255 939 297 1000 sit
318 945 442 1017 nostro,
474 935 615 1000 difficilis
644 946 750 1001 tamen
773 940 838 1000 aas
860 939 1040 1019 persecutio
1064 941 1116 1001 sit.
1163 941 1197 1001 ln

116 1024 164 1086 liis
187 1032 292 1086 eutem
314 1021 506 1085 animalibus
528 1043 612 1104 quoe
635 1042 676 1086 ex
697 1024 926 1086 consuetudine
943 1023 1031 1086 abire
1048 1033 1079 1086 et
1091 1024 1198 1089 redire

115 1111 230 1188 solent,
255 1109 357 1172 ueluti
380 1108 534 1171 columbis
557 1119 589 1171 et
611 1108 737 1190 apibus,
763 1111 840 1172 item
859 1110 964 1172 ceruis
978 1113 1034 1190 qui
1050 1112 1084 1171 in
1099 1111 1198 1174 siluas

114 1198 163 1259 ire
186 1204 218 1258 et
239 1193 344 1257 redire
367 1196 485 1274 solent,
511 1196 606 1257 talem
628 1195 781 1258 hebernus
804 1196 945 1276 regulam
968 1194 1135 1275 traditam,
1162 1204 1198 1258 ut

63 1316 65 1321 ·
115 1283 143 1344 si
165 1279 351 1343 reuertendi
373 1282 514 1342 animum
536 1280 654 1343 habere
677 1281 847 1360 desierint,
880 1283 975 1344 etiam
996 1290 1104 1344 nostra
1127 1300 1196 1344 esse
1215 1296 1248 1342 ro

114 1366 263 1429 desinant
284 1375 317 1428 et
337 1366 416 1428 fiant
437 1368 675 1447 occupantium3
708 1366 891 1430 reuertendi
923 1376 1028 1429 autem
1055 1369 1197 1429 animum

114 1452 269 1515 uidentur
290 1452 437 1516 desinere
459 1451 594 1531 hebere,
626 1472 698 1514 curn
722 1453 907 1515 reuertendi
934 1452 1196 1516 consuetudinem

62 1541 91 1600 te
114 1538 323 1601 deseruerint.
368 1539 413 1600 Ea
436 1557 563 1619 quoque
585 1557 669 1620 quae
691 1558 732 1600 ex
754 1538 899 1601 hostibus
926 1540 1107 1620 capiuntur,
1139 1559 1198 1601 na-

62 1624 89 1686 l0
111 1625 210 1687 turali
233 1625 354 1686 ratione
375 1634 482 1686 nostra
503 1626 595 1686 fiunt.
635 1623 699 1687 Sed
721 1634 753 1686 et
774 1625 808 1686 id
823 1624 907 1705 quod
921 1643 980 1705 per
993 1625 1197 1707 edluuionem

112 1709 207 1772 nobis
233 1708 380 1789 adicitur,
414 1709 523 1772 eodem
553 1711 623 1772 iure
651 1720 793 1773 nostrum
824 1711 874 1787 lit;
906 1729 966 1790 per
993 1710 1196 1772 adluuionem
1216 1704 1247 1772 t'c

114 1805 220 1860 autern
250 1795 283 1857 id
312 1794 442 1858 uidetur
470 1796 552 1859 adici
582 1794 667 1877 quod
700 1798 743 1858 ita
776 1797 929 1877 paulatim
965 1795 1085 1858 flumen
1122 1815 1196 1877 egro

112 1889 222 1944 nostro
244 1879 352 1961 edicit,
378 1889 414 1942 ut
435 1882 602 1944 aestimare
624 1901 688 1943 non
703 1885 872 1963 possimus,
898 1891 1053 1962 quantum
1069 1900 1195 1963 quoquo

112 1975 271 2030 momento
294 1968 446 2048 temporis
468 1967 641 2046 adiciatur3
674 1969 732 2030 hoc
761 1977 809 2030 est
837 1967 924 2048 quod
952 1969 1049 2050 uulgo
1079 1968 1196 2031 dieitur

111 2071 174 2134 per
195 2052 399 2115 adluuionem
422 2052 456 2114 id
478 2052 561 2115 adici
583 2053 687 2116 uide'ri
710 2053 796 2135 quod
818 2055 862 2117 ita
876 2054 1029 2135 paulatim
1045 2052 1191 2133 adicitur,

62 2137 84 2199 ll
111 2147 150 2201 ut
171 2139 277 2200 oculos
300 2148 421 2201 nostros
444 2139 542 2201 fellat.
588 2141 698 2220 ltaque
720 2142 748 2201 si
770 2139 889 2202 flumen
912 2148 1033 2221 partem
1056 2141 1195 2220 aliquam
1214 2154 1245 2201 ac

112 2243 156 2287 ex
176 2233 230 2287 tuo
252 2224 382 2305 praedio
404 2225 569 2287 resciderit
591 2234 624 2287 et
646 2225 686 2288 ad
707 2244 814 2288 meum
829 2226 995 2306 praedium
1011 2226 1191 2307 pertulerit,

62 2310 90 2372 44
112 2311 192 2373 haec
214 2329 288 2391 pars
310 2321 365 2372 tua
387 2308 512 2395 molliret.
551 2311 592 2373 At
612 2313 639 2373 si
662 2313 694 2372 in
716 2310 821 2373 medio
843 2311 974 2373 flumine
995 2312 1099 2373 insula
1118 2319 1293 2387 natapegsu

112 2397 171 2475 sit,
205 2396 283 2457 haee
312 2415 421 2457 eorum
451 2397 592 2459 omnium
624 2399 798 2479 communis
828 2406 877 2458 est
905 2399 961 2478 qui
990 2397 1031 2459 ab
1060 2405 1195 2476 utraque

112 2490 206 2564 perte
228 2481 369 2544 fluminis
391 2483 491 2563 prope
514 2484 616 2563 ripam
639 2481 770 2563 praedia
785 2482 964 2564 possident,
991 2483 1018 2544 si
1039 2501 1117 2544 uero
1132 2500 1200 2543 non

112 2569 154 2629 sit
176 2568 210 2628 in
231 2567 336 2630 medio
358 2567 501 2646 flumine,
528 2568 569 2631 ad
591 2587 645 2630 eos
667 2569 804 2648 pertinet
827 2569 883 2648 qui
898 2568 938 2630 ab
955 2587 990 2629 ea
1006 2577 1096 2648 parte
1112 2574 1195 2648 q‘uee
1214 2581 1244 2630 44

62 2653 89 2715 43
112 2655 257 2735 proxime
280 2663 343 2731 est,
379 2654 467 2716 iuxta
497 2655 600 2734 ripam
628 2654 760 2735 praedia
787 2655 915 2716 hebent.
969 2655 1133 2716 Praeterea
1162 2652 1195 2716 id

733 2823 1195 2840 mmmmm

180 2915 239 2982 §oe
258 2917 322 2967 inde
340 2916 374 2966 ab
393 2921 424 2967 44
444 2915 539 2968 silere
557 2938 590 2961 ε
609 2919 673 2968 lnst.
694 2923 721 2981 4,
742 2922 813 2979 4,444
837 2918 849 2982 11
872 2918 906 2968 ad
925 2917 982 2983 §io
1003 2932 1088 2984 usque
1107 2919 1142 2971 ed
1162 2923 1193 2970 44

109 2987 242 3037 adimatur
260 2983 332 3039 conf.
352 2987 401 3037 Gai
419 2999 464 3038 res
481 2986 576 3037 cottid.
597 2988 664 3052 (urg.
679 2990 722 3049 44,
739 2991 763 3051 i,
779 2991 803 3048 i,
818 2991 829 3036 4
852 3007 884 3031 =
904 2989 968 3039 inst.
982 2991 1006 3049 4,
1024 2993 1048 3049 4,
1065 2988 1117 3050 44].

108 3235 149 3296 lit,
163 3238 190 3286 et
203 3249 235 3287 eo
248 3249 344 3296 usque
357 3237 430 3295 etc.;
446 3236 508 3286 las.
524 3238 586 3288 iaec
598 3238 706 3287 locem:
724 3238 806 3287 Ferae
819 3237 900 3300 igitur
912 3237 1014 3288 hestiae
1028 3240 1055 3287 et
1066 3237 1193 3288 uolucres

109 3308 137 3355 et
153 3306 255 3371 pisces,
275 3305 303 3356 id
321 3306 363 3355 est
381 3306 472 3355 omnia
490 3301 624 3368 animalia,
645 3319 715 3369 quae
733 3307 761 3355 in
777 3309 848 3356 terra
861 3307 929 3356 mari
943 3306 1018 3356 caelo
1032 3308 1190 3366 nascuntur,

109 3372 276 3438 simulatque
293 3373 328 3424 ah
346 3371 437 3437 aliquo
456 3376 534 3438 eapte
552 3373 665 3435 luerint,
693 3375 752 3424 iure
776 3375 897 3439 gentium
921 3375 1012 3425 statim
1036 3373 1109 3424 illius
1133 3387 1193 3424 esse

108 3442 260 3508 incipiunt,
285 3439 360 3506 quod
378 3443 451 3493 enim
468 3445 530 3493 ente
548 3443 650 3493 nullius
669 3446 723 3507 est,
743 3442 771 3494 id
791 3443 906 3493 naturali
924 3443 1028 3493 ratione
1047 3443 1192 3507 occupanti

109 3510 271 3562 conceditur
287 3547 311 3562 ..
325 3548 332 3561 .
346 3547 371 3561 ..
392 3510 525 3575 quidquid
543 3514 635 3562 autem
653 3525 749 3562 eorum
764 3513 879 3576 ceperis,
899 3525 931 3562 eo
944 3524 1031 3575 usque
1044 3514 1122 3561 tuum
1133 3523 1193 3562 esse

109 3579 285 3643 intellegitur,
306 3580 395 3630 donec
407 3583 453 3630 tua
466 3579 590 3631 custodia
603 3584 756 3642 coercetur;
777 3580 844 3644 cons.
860 3582 938 3630 etiam
950 3580 1010 3644 Dtp.
1026 3584 1068 3638 44,
1085 3585 1109 3639 4,
1126 3584 1149 3632 4.
1163 3584 1190 3631 5.

180 3652 191 3697 4
213 3650 373 3700 coerceatur
393 3647 437 3707 0¹¹,
459 3651 601 3700 coercetur
621 3649 671 3700 Gai
687 3662 730 3699 res
748 3650 833 3699 cottid.
851 3654 876 3700 et
893 3648 956 3699 inst.
976 3649 987 3712 11
1006 3652 1019 3696 ³
1039 3647 1192 3699 libertatem

109 3729 140 3768 se
157 3717 217 3781 Dip.
236 3717 308 3778 lust,
333 3730 363 3768 se
387 3715 539 3768 libertatem
567 3717 587 3768 0
608 3717 620 3780 ll
641 3718 776 3781 receperit
800 3717 861 3781 Dip.
881 3719 951 3780 laet,
977 3716 1129 3781 perceperit
1148 3714 1193 3784 011

109 3787 124 3839 4
144 3789 270 3837 nostrum
282 3785 354 3849 uta,
374 3788 466 3837 nostra
482 3784 528 3852 011
546 3789 560 3834 o
579 3787 606 3836 in
626 3788 686 3850 Dic.
707 3787 781 3845 lost,
801 3800 835 3835 en
857 3784 938 3849 0116
958 3786 1017 3835 eius
1034 3784 1095 3850 Dip.
1117 3786 1190 3847 last,

108 3854 180 3904 inrel
201 3853 230 3917 0,
250 3849 330 3922 inldc)
348 3855 387 3905 rei
406 3854 577 3919 Moumtseon
597 3859 622 3903 tt
646 3856 838 3919 occupantium
859 3855 933 3915 lust,
955 3855 1126 3918 occupatium
1147 3851 1193 3919 011

108 3925 141 3972 44
161 3922 334 3974 deseruerint
346 3923 420 3987 last,
441 3922 657 3974 desieruerintc
675 3923 686 3987 11
705 3926 737 3972 46
755 3923 783 3973 id
798 3924 858 3986 Dip.
874 3924 947 3982 inst,
963 3922 1000 3972 ita
1016 3921 1036 3972 0
1052 3922 1064 3985 11
1082 3926 1113 3972 ii
1132 3923 1193 3973 adi-

107 3993 147 4042 cit
162 3991 303 4055 decretor,
322 3991 390 4043 dicit
404 3991 451 4056 Cn
471 3995 497 4040 44
520 3993 674 4056 resciderit]
694 3991 760 4055 eoas.
779 3990 811 4041 0¹²
825 4004 888 4055 pop.
902 3995 954 4046 448
966 3990 1014 4053 ias.
1034 3991 1045 4054 ΙΙ
1064 3994 1095 4040 44
1115 4003 1192 4042 com·

107 4061 201 4111 munis
215 4059 360 4123 comm,
380 4073 525 4111 commune
544 4059 565 4111 0
581 4061 660 4124 (eous.
679 4061 774 4111 codice
794 4058 814 4110 0
830 4061 988 4121 scripturam
1005 4071 1086 4122 supra
1105 4058 1163 4111 dot.
1178 4065 1190 4108 4

108 4127 197 4194 §toci
216 4128 228 4193 4
246 4131 278 4178 44
296 4128 587 4195 possidendorum,
608 4129 783 4194 possidentur
797 4127 841 4190 0¹¹,
861 4127 927 4191 ocos.
943 4128 1046 4192 opor.
1059 4132 1112 4180 444
1122 4130 1189 4180 med.
