2902 4830
588 286 673 301 -·-·
716 275 807 316 xxvlll
850 289 936 300 ·-·

289 458 349 510 pag.
366 448 408 505 63,
425 448 454 493 66
475 446 502 493 in
522 443 575 495 fine
593 444 664 508 lege:
689 422 852 505 {bime

288 612 350 664 pag.
366 602 408 661 66,
424 603 437 647 3
457 599 545 648 littera
567 603 610 647 636
628 599 655 657 T
673 611 727 649 non
748 600 760 658 1
781 597 831 648 fuit

288 766 348 818 pag.
365 756 405 814 66,
422 757 435 801 6
455 753 549 803 ultima
568 753 656 803 littera
679 733 754 812 (est

288 921 347 972 pag.
365 911 406 968 63,
421 911 452 957 66
472 909 549 957 initio
568 907 626 972 lege
647 898 856 989 Cffl'afficp
877 909 927 958 etc.

288 1075 348 1127 pag.
364 1065 405 1125 66,
422 1065 453 1111 66
478 1063 556 1113 initio
579 1065 734 1127 proximum
757 1065 819 1127 post
843 1065 866 1122 s
893 1063 1010 1127 spatium
1035 1063 1109 1112 nullo
1134 1063 1221 1113 modo
1248 1067 1320 1148 τῃ

218 1147 324 1198 litterae
344 1151 513 1212 occuparunt

287 1303 429 1354 adnotatio
449 1303 482 1354 ad
501 1316 561 1368 pag.
577 1308 607 1353 66
627 1303 695 1355 6666
714 1315 773 1353 6666
791 1302 923 1354 debebat:

288 1390 386 1453 Pagina
406 1391 519 1440 interior
536 1388 615 1440 iacile
634 1391 740 1454 legitur.
774 1390 788 1437 6
807 1389 896 1439 littera
911 1392 955 1437 lla
970 1390 1002 1449 Ν
1019 1394 1115 1449 nonu
1138 1388 1198 1443 luit.
1236 1397 1270 1442 66
1285 1397 1316 1444 in

219 1474 271 1525 line
289 1475 357 1525 nihil
375 1475 492 1541 amplius
512 1477 645 1540 scriptum
663 1474 714 1525 fuit

286 1626 347 1676 pag.
362 1616 403 1674 73,
417 1617 447 1662 66
461 1615 523 1678 6666
534 1615 600 1660 llam
610 1613 728 1663 litteram
741 1627 792 1663 nec
802 1607 1315 1695 sitieruioplsaucro-

219 1690 393 1778 pirate
420 1712 471 1749 nec
495 1677 1014 1760 sebbommusmaicer
1039 1714 1089 1750 nec
1112 1676 1315 1764 66666-

222 1776 508 1845 ΝυδωλΝθῖ
525 1777 957 1865 66686666666Ν1ΜῸ
986 1789 1122 1836 exaratum
1148 1785 1214 1849 fuiti
1240 1789 1314 1841 haec

220 1871 309 1919 tamen
328 1871 408 1920 lectio
428 1869 581 1932 interuallo,
601 1883 655 1919 non
675 1869 803 1920 ductibus
823 1870 971 1922 satisfaciat

287 2019 347 2071 pag.
363 2010 404 2069 63,
419 2010 446 2054 66
470 2008 545 2056 initio
565 2006 636 2070 lege:

342 2084 354 2114 0

219 2085 594 2197 κκῗξὶἕκίωυῖυθὸ
615 2131 666 2178 θῑῦ·

220 2199 296 2262 inici
315 2217 378 2263 ante
398 2247 461 2278 u
483 2214 527 2264 uei
548 2216 589 2273 sl
609 2214 654 2264 uei
674 2193 722 2273 bl
743 2214 787 2265 uel
806 2217 854 2273 m
873 2214 918 2265 uel
937 2216 1025 2265 66666
1044 2215 1148 2280 aliquid
1166 2218 1257 2266 6666

286 2364 346 2415 aaa·
363 2355 443 2414 6666
463 2352 532 2417 (post
553 2345 752 2434 6661616)
771 2356 861 2417 potest
879 2367 901 2404 e·
912 2367 937 2417 a·
960 2355 988 2402 in
1010 2356 1307 2437 cotisumprl

218 2438 316 2488 exiisse

285 2589 345 2640 pag.
360 2579 399 2636 73,
417 2579 448 2624 66
467 2577 544 2626 initio
563 2579 625 2627 ante
646 2570 859 2638 ’ΤῙΝΕ
885 2579 1003 2642 spatium
1026 2581 1087 2642 apte
1106 2575 1207 2628 suflicit
1231 2592 1255 2629 6.
1279 2594 1305 2644 g.

218 2679 252 2729 ad
269 2644 476 2762 ξλιιᾳυλ
496 2678 598 2729 litteras
616 2679 798 2744 capessendas

287 2845 347 2896 pag.
370 2835 410 2893 66,
439 2835 469 2879 63
502 2833 590 2882 exitus
620 2845 694 2882 nunc
724 2832 937 2884 obscurissimus
967 2837 1023 2898 est;
1055 2810 1217 2899 aliqaotiens
1248 2835 1307 2889 iere

339 2908 349 2938 θ
515 2923 519 2931 v
1189 2926 1190 2931 ,

219 2946 349 3032 λΝΡΞ
602 2954 760 3016 conspicere
779 2950 850 3002 mihi
872 2955 948 3004 uisus
973 2968 1048 3018 sum,
1074 2956 1122 3006 sed
1147 2958 1240 3006 omnia
1259 2959 1306 3007 in-

219 3041 292 3088 certa
311 3040 375 3086 sunt

286 3206 347 3257 pag.
364 3196 406 3253 66,
422 3194 452 3240 66
471 3193 544 3255 lege:

286 3449 347 3501 pag.
364 3439 405 3494 36,
422 3437 452 3482 63
472 3432 544 3483 med.
565 3433 668 3484 litterae
688 3435 780 3518 Res
800 3438 889 3485 certae
908 3439 971 3486 sunt

284 3653 344 3705 pag.
361 3644 402 3704 86,
420 3645 429 3689 6
447 3641 522 3690 initio
541 3639 613 3703 lege:
638 3555 726 3715 be

284 3808 345 3860 pag.
360 3798 402 3856 86,
418 3800 431 3844 3
452 3796 540 3846 littera
559 3798 634 3846 sexta
653 3810 706 3846 non
728 3797 753 3878 p
775 3797 823 3847 sed
841 3799 877 3879 p
895 3800 936 3847 est

283 3963 344 4014 pag.
360 3952 402 4011 36,
418 3953 431 3998 6
451 3950 523 4014 lege:

112 4072 124 4118 a
147 4031 1401 4154 66666666666666666666666666ῑεῖΖἶ.Ξ-,ψ
