2902 4830
529 328 613 338 ...
658 294 675 352 7
721 327 807 337 -.
1050 292 1206 357 rosc-m

128 492 351 546 testamentum
374 481 496 561 lacere,
527 482 579 544 uel
602 501 642 543 ex
664 490 851 542 testamento
874 480 977 542 alieno
1001 501 1129 563 capere,
1155 483 1208 544 uel

64 572 103 634 at
128 579 244 632 tutores
266 577 453 631 testamento
484 567 563 629 dari.
619 566 709 640 Quod
738 575 843 629 autem
873 566 1013 628 diximus
1042 587 1082 629 ex
1109 576 1209 629 testa-

129 665 234 717 mento
258 674 311 717 eos
341 673 454 734 capere
483 673 546 716 non
575 672 684 734 posse,
718 655 761 714 ita
788 653 1025 733 intellegemus,
1058 672 1099 715 ne
1130 653 1210 733 quid

127 742 243 803 directo
273 739 460 802 hereditatis
488 740 704 820 legatorumue
733 739 860 801 nomine
890 758 944 800 eos
972 758 1065 819 posse
1095 759 1208 819 capere

127 827 284 904 dicamus;
309 826 450 906 alioquin
473 844 531 907 per
553 825 832 887 fideicommissum
855 844 967 905 capere
989 835 1134 905 possunt.
1226 839 1241 884 5

62 913 102 976 25
212 914 250 973 Hi
272 932 349 975 uero
379 912 434 991 qui
463 910 684 973 dediticiorum
713 929 845 973 numero
875 920 967 991 sunt,
1001 911 1087 972 nullo
1117 911 1208 973 modo

127 1018 167 1060 ex
189 1008 375 1062 testamento
404 1016 516 1077 capere
543 1006 693 1077 possunt,
726 1016 790 1058 non
819 998 919 1078 magis
949 1015 1043 1076 quam
1074 997 1209 1077 quilibet

125 1086 327 1165 peregrinus,
352 1103 412 1145 aec
433 1084 493 1164 ipsi
517 1091 741 1145 testamentum
764 1083 867 1145 lacere
883 1092 1018 1164 possunt
1032 1082 1208 1145 secundum

61 1170 101 1233 26
124 1170 157 1232 id
181 1170 268 1250 quod
290 1171 389 1250 magis
411 1170 542 1249 placuit.
590 1169 727 1231 Pessima
750 1170 856 1249 itaque
881 1169 1013 1231 libertas
1036 1189 1145 1231 eorum
1161 1178 1210 1231 est

127 1259 182 1336 qui
205 1255 427 1319 dediticiorum
449 1274 579 1317 numero
602 1262 691 1331 sunt;
725 1274 785 1316 nec
808 1255 870 1317 ulla
893 1255 962 1335 lege
985 1264 1040 1317 aut
1062 1265 1209 1322 senatus-
1229 1269 1259 1313 to

127 1343 269 1404 consulto
292 1350 348 1403 aut
370 1343 592 1403 constitutione
615 1341 782 1422 principali
806 1341 912 1402 aditus
940 1341 1003 1402 illis
1034 1341 1074 1403 ad
1096 1343 1210 1403 ciuita-

61 1424 102 1488 27
126 1438 192 1488 tem
214 1428 385 1491 Romanam
407 1426 510 1488 datur.
559 1428 642 1499 Quin
666 1428 760 1488 etiam
782 1429 816 1488 in
838 1426 918 1489 urbe
940 1429 1037 1488 Roma
1058 1427 1112 1489 uel
1127 1428 1208 1489 intra

128 1514 335 1575 centesimum
358 1511 449 1574 urbis
463 1514 577 1574 Romae
596 1513 766 1575 miliarium
789 1514 904 1575 morari
927 1514 1151 1593 prohibentur3
1178 1523 1210 1574 et

128 1601 155 1660 si
190 1601 245 1678 qui
279 1607 385 1659 contra
417 1618 453 1660 ea
483 1599 632 1679 iecerint,
668 1599 732 1679 ipsi
761 1598 908 1679 bonaque
939 1618 1047 1661 eorum
1080 1600 1209 1679 publice

49 1738 54 1746 .
127 1686 240 1746 uenire
263 1684 415 1746 iubentur
437 1703 472 1746 ea
500 1684 699 1764 condicione,
731 1694 767 1747 ut
797 1705 837 1747 ne
868 1686 902 1745 in
924 1686 1004 1747 urbe
1032 1687 1128 1747 Roma
1158 1687 1210 1748 uel
1230 1698 1259 1743 to

127 1772 211 1832 intra
242 1772 448 1832 centesimum
484 1771 574 1832 urbis
603 1772 717 1832 Romae
748 1771 920 1833 miliarium
948 1773 1090 1833 seruiant
1124 1791 1208 1834 neue

125 1876 277 1937 umquam
307 1857 583 1934 manumittantur3
618 1858 649 1918 et
678 1860 705 1918 si
735 1858 922 1919 manumissi
953 1856 1089 1936 luerint,
1122 1860 1208 1919 serui

125 1943 235 2022 populi
257 1943 389 2002 Romani
412 1960 482 2003 esse
505 1943 669 2006 iubentur.
709 1953 741 2005 et
763 1946 841 2006 haee
855 1945 899 2005 ita
914 1944 983 2024 lege
998 1941 1086 2006 Aelia
1101 1945 1207 2005 Sentia

126 2029 337 2109 conprehensa
360 2036 444 2089 sunt.

60 2112 102 2174 28
215 2113 336 2194 [errem
356 2134 448 2176 nonis
468 2133 565 2177 mmm
586 2133 624 2174 an
641 2133 956 2178 emrarnnaonanan
974 2114 1180 2196 acarnanum]
1199 2111 1208 2198 b
1227 2127 1259 2172 ao

125 2200 226 2260 Latini
248 2218 326 2261 uero
356 2199 466 2261 multis
495 2199 597 2262 modis
625 2201 666 2263 ad
696 2201 860 2262 ciuitatem
889 2202 1061 2263 Romanam
1090 2221 1207 2282 perue-
1224 2214 1310 2275 paga

59 2284 100 2345 29
124 2286 229 2347 ninnt.
277 2286 388 2347 Statim
412 2286 498 2347 enim
522 2305 562 2346 ex
584 2286 653 2366 lege
675 2284 764 2348 Aelia
787 2287 898 2348 Sentio
921 2289 1056 2348 minores
1079 2288 1208 2367 triginta

126 2390 282 2433 annorum
306 2373 492 2433 manumissi
516 2381 547 2432 et
569 2370 670 2433 Latini
693 2371 766 2432 lacti
787 2374 814 2433 si
837 2391 952 2434 uxores
975 2371 1127 2433 duxerint
1155 2374 1207 2434 uel

119 2457 212 2520 ,ciues
234 2459 388 2518 Romanas
410 2457 464 2518 uel
485 2458 612 2518 Latinas
634 2457 820 2518 coloniarias
842 2459 896 2518 uel
927 2456 1069 2520 eiusdem
1098 2458 1209 2520 condi-

125 2544 224 2603 cionis
246 2545 337 2605 cuius
360 2550 391 2604 et
412 2543 474 2622 ipsi
496 2551 619 2621 essent,
653 2542 750 2622 idque
781 2545 887 2605 testati
913 2543 1033 2605 luerint
1055 2541 1206 2606 adhibitis
1225 2555 1257 2602 25

125 2648 187 2689 non
209 2630 317 2690 minus
340 2646 435 2707 quam
458 2636 580 2708 septem
604 2629 739 2690 testibus
762 2629 889 2690 ciuibus
904 2629 1052 2690 Romanis
1075 2628 1208 2709 puberi-

124 2714 200 2792 bus,
234 2715 389 2776 etlilium
411 2714 668 2795 procreauerint,
695 2734 765 2776 oum
787 2716 814 2776 is
837 2715 921 2777 filius
944 2715 1111 2778 anniculus
1137 2734 1207 2778 esse

126 2803 275 2879 coeperit,
302 2799 395 2862 datur
417 2801 462 2862 eis
485 2808 624 2879 potestas
646 2820 706 2881 per
721 2820 789 2864 eam
806 2802 909 2882 legem
924 2801 1013 2863 adire
1028 2810 1207 2881 praetorem

123 2886 178 2947 uel
200 2887 233 2946 in
262 2887 435 2966 prouinciis
463 2885 640 2966 praesidem
668 2887 871 2968 prouinciae,
905 2897 937 2949 et
966 2887 1144 2968 adprobare
1172 2907 1207 2949 se

126 2991 167 3032 ex
188 2972 258 3052 lege
273 2969 362 3033 Aelia
379 2973 487 3033 Sentia
508 2992 640 3035 uxorem
664 2973 793 3035 duxisse
816 2982 848 3035 et
870 2992 910 3035 ex
932 2993 968 3035 ea
991 2974 1092 3036 filium
1114 2973 1207 3035 anni·
1226 2985 1257 3030 ao

125 3057 231 3119 culum
253 3058 387 3135 habere;
421 3067 453 3119 ct
476 3059 501 3119 si
525 3059 552 3119 is
575 3057 662 3140 apud
684 3078 778 3138 quem
802 3079 896 3121 causa
918 3059 1050 3140 probata
1074 3069 1141 3139 est,
1174 3058 1207 3120 id

194 3302 208 3346 2
228 3303 274 3348 aut
291 3300 408 3347 tutorem
427 3303 473 3348 aut
491 3301 593 3348 tutores
615 3299 656 3357 ΟΠ,
678 3299 745 3361 conf.
770 3298 802 3349 0ὃ
816 3313 879 3362 pap.
894 3305 944 3353 298
963 3299 974 3361 ΙΙ
994 3302 1008 3347 t
1027 3297 1141 3360 directo]
1156 3299 1208 3346 in-

124 3366 228 3416 directo
250 3366 276 3428 C,
303 3368 369 3416 delet
386 3367 432 3416 boo
452 3368 608 3417 uocabulum
630 3372 659 3417 ut
681 3368 810 3431 plessemc
834 3369 868 3417 ad
890 3368 1011 3430 alioquin
1034 3368 1208 3429 —possunt

125 3438 205 3497 (cers.
218 3436 245 3495 5)
264 3437 424 3497 adscriptum
435 3435 577 3484 Monaesen
595 3435 605 3498 ΙΙ
624 3439 638 3485 8
658 3436 718 3499 nec]
738 3437 801 3499 quia
820 3437 891 3486 nee‘l
912 3435 947 3486 0¹¹
964 3435 975 3499 ΙΙ
994 3438 1008 3483 9
1027 3433 1120 3496 magis]
1143 3435 1207 3496 m

127 3503 171 3564 ΟΠ,
192 3505 258 3565 qood
276 3505 362 3566 magis
381 3516 435 3553 non
453 3505 496 3552 uel
514 3505 600 3566 magis
618 3517 692 3553 nunc
712 3505 769 3567 (uic
782 3505 917 3567 magistris
930 3503 1039 3563 nostris)
1060 3504 1207 3565 sipoificare

123 3574 227 3622 uidetur
244 3573 255 3635 ΙΙ
276 3574 306 3620 tl
325 3572 391 3635 ceos.
407 3571 450 3622 0⁰⁸
467 3571 478 3634 ΙΙ
497 3575 529 3620 20
548 3573 681 3621 rubricare
698 3575 725 3622 in
742 3572 866 3635 inferiore
880 3574 995 3635 popinae
1013 3571 1106 3620 codicis
1118 3574 1208 3620 sectae

123 3645 242 3704 marcide
260 3642 357 3691 addidit
372 3638 403 3690 Ο2
420 3639 431 3702 ΙΙ
449 3653 538 3698 errvs
554 3653 630 3690 uonrs
648 3643 778 3702 suppleuit
791 3641 920 3691 Goesclrea
941 3640 952 3702 ΙΙ
971 3640 1081 3689 ciuitate
1093 3651 1206 3688 romana

127 3707 158 3759 02
175 3708 187 3772 ΙΙ
207 3713 237 3758 22
257 3724 290 3759 ex
307 3708 365 3772 lege
376 3709 450 3759 Aelia
464 3710 554 3758 Sentio
568 3710 706 3768 Polcooar,
726 3723 759 3758 ex
777 3709 835 3772 lege
847 3709 922 3759 Aelia
934 3709 1025 3758 Sentia
1042 3711 1152 3757 cautum
1166 3709 1208 3757 est

124 3779 154 3827 ut
174 3778 209 3828 ΟΠ
228 3780 273 3840 (eac
289 3778 453 3841 plosscmote)
472 3777 483 3841 ΙΙ
506 3779 536 3825 at
558 3779 632 3827 ciues
650 3789 776 3827 romanas
793 3778 837 3827 uel
856 3778 954 3827 latinas
976 3774 1030 3838 0²¹¹,
1051 3777 1141 3826 ciuem
1160 3788 1207 3825 ro-

125 3859 232 3896 marram
245 3847 356 3896 latinam
371 3845 426 3906 01¹¹,
441 3846 508 3909 coos.
526 3846 558 3897 0³
567 3858 629 3909 pap.
641 3851 691 3900 261
711 3845 722 3909 ΙΙ
741 3849 772 3894 25
785 3848 812 3894 et
827 3845 965 3907 Goescbco,
979 3847 1003 3896 ei
1019 3845 1060 3908 011
1080 3848 1111 3893 28
1125 3845 1206 3894 cerba

124 3928 251 3978 peream
270 3915 358 3978 legem
376 3920 507 3976 tamquam
523 3916 652 3977 plossemc
669 3915 735 3964 delet
753 3915 883 3963 Poteaoar
900 3914 910 3977 ΙΙ
935 3917 966 3962 29
985 3914 1143 3978 prouinciae
1164 3910 1204 3971 (5¹,

123 3985 327 4047 prouinciarum
344 3981 398 4040 0²¹¹,
419 3984 486 4047 coos.
504 3982 536 4033 ΟΒ
544 3995 606 4046 pap.
621 3986 671 4035 289
688 3982 699 4044 11
719 3985 750 4030 30
764 3983 854 4032 sentia
866 3982 989 4046 uxorem]
1004 3985 1072 4032 sent.
1085 3977 1206 4047 atrorem

127 4052 158 4103 01
172 4054 205 4115 Ι(ι’.
220 4066 242 4105 e.
264 4053 349 4102 sentia
368 4054 530 4102 autxorem‘l
548 4057 661 4101 celerano
678 4050 743 4113 conf.
765 4049 821 4112 0⁸),
848 4053 916 4103 sent.
935 4048 1076 4118 Hluxorem
1097 4047 1128 4098 02
1145 4048 1156 4111 ΙΙ
1174 4059 1206 4096 ex

124 4133 155 4170 ea
177 4118 216 4183 0²,
237 4133 268 4171 ea
290 4120 320 4172 0¹
339 4121 350 4184 11
369 4125 397 4169 at
420 4122 443 4170 is
461 4135 495 4171 ccc
512 4120 555 4171 his
572 4124 717 4170 correctum
738 4118 766 4169 0.
1139 4148 1143 4158 ·
