2902 4830
297 333 331 382 444
349 330 474 397 §ra-m
679 364 764 376 ...-
810 331 869 392 476
913 365 999 376 ..-

297 521 378 582 citur
400 540 439 581 ex
461 520 602 600 peculio,
636 520 726 581 uolut
753 521 780 581 si
808 520 834 581 is
863 521 915 581 cui
945 518 1059 598 debet,
1093 520 1125 579 in
1155 518 1252 581 huius
1276 519 1379 599 ipsius

230 604 272 667 ’14
296 605 419 686 peculio
449 609 498 666 sit.
553 606 702 667 Ceterum
740 605 870 667 dubium
900 624 962 666 non
994 613 1056 683 est,
1090 605 1169 684 quin
1199 614 1231 666 et
1259 605 1289 667 is
1323 605 1379 685 qui

295 693 385 753 iussu
408 692 507 771 patris
530 691 690 753 dominiue
714 693 868 754 contraxit
891 693 1008 771 cuique
1032 691 1220 752 exercitoria
1250 690 1305 752 uel
1328 693 1379 752 in-

295 778 414 839 stitoria
436 777 570 838 formula
594 779 745 856 conpetit,
780 777 819 840 de
849 777 975 857 peculio
998 787 1053 838 aut
1074 776 1114 838 de
1138 777 1171 837 in
1194 796 1262 838 rem
1285 795 1379 839 uerso

295 882 390 943 agere
413 865 522 942 possit.
553 862 610 925 sed
633 882 725 923 nemo
748 873 811 924 tam
828 863 944 925 stultus
961 863 1030 942 erit,
1057 872 1093 923 ut
1108 864 1164 942 qui
1181 862 1290 942 aliqua
1306 862 1379 925 illa·
1396 878 1409 923 4

294 968 364 1009 rum
387 950 544 1010 actionum
570 950 637 1011 sine
661 947 757 1010 dubio
781 949 916 1011 solidum
938 949 1091 1028 consequi
1105 949 1214 1028 possit,
1241 949 1276 1009 in
1292 947 1379 1009 diffi-

295 1035 441 1097 cultatem
465 1054 498 1096 44
522 1033 660 1097 deducat
682 1034 842 1115 probandi
862 1034 980 1097 habere
1010 1034 1173 1114 peculium
1203 1053 1277 1095 eum
1307 1053 1380 1096 eum

295 1140 357 1200 quo
381 1123 582 1199 contraxerit,
608 1140 712 1201 exque
736 1140 772 1181 eo
794 1121 918 1200 peculio
940 1139 1033 1201 posse
1057 1119 1119 1181 sihi
1138 1119 1299 1201 satisfieri,
1326 1121 1379 1182 uel

295 1206 328 1266 id
352 1206 438 1286 quod
460 1207 677 1287 persequitur,
704 1208 736 1267 in
761 1226 828 1268 rem
850 1207 951 1286 patris
967 1205 1128 1267 dominiue
1144 1224 1276 1267 uersum
1292 1224 1376 1269 esse.

215 1290 272 1353 74⁸
295 1295 326 1353 Is
349 1312 478 1374 quoque
502 1294 552 1355 cui
576 1293 743 1354 tributoria
766 1294 846 1354 actio
870 1293 1024 1372 conpetit,
1051 1290 1091 1352 de
1112 1293 1238 1371 peculio
1262 1292 1315 1354 uel
1339 1290 1377 1354 de
1395 1305 1422 1350 44

295 1379 327 1438 44
351 1398 418 1439 rem
441 1398 534 1440 uerso
559 1398 652 1459 agere
676 1388 790 1459 potest.
831 1378 886 1439 sed
910 1379 985 1439 huic
1008 1396 1083 1439 sane
1105 1378 1296 1458 plerumque
1320 1397 1378 1440 ex-

293 1464 382 1545 pedit
404 1467 461 1526 hac
484 1466 589 1545 potius
612 1465 733 1526 actione
756 1466 804 1527 uti
827 1483 921 1544 quam
945 1463 1123 1526 tributoria.
1158 1482 1231 1526 nam
1261 1465 1296 1524 in
1319 1464 1378 1525 tri-

293 1551 417 1612 butoria
442 1553 513 1613 eius
536 1551 633 1612 solius
656 1551 776 1630 peculii
799 1551 877 1612 ratio
900 1550 1042 1628 habetur,
1070 1547 1155 1628 quod
1178 1550 1211 1610 in
1226 1549 1277 1611 his
1293 1569 1378 1611 mer-

293 1635 384 1698 cibus
415 1646 462 1698 cst
490 1636 604 1717 quibus
634 1639 811 1716 negotiatur
840 1636 925 1698 filius
947 1654 1103 1697 seruusue
1127 1633 1279 1715 quodque
1304 1635 1377 1697 inde

292 1731 455 1802 receptum
477 1725 553 1799 erit;
581 1729 612 1784 at
633 1723 665 1783 in
690 1725 811 1784 actione
827 1722 956 1802 peculii,
975 1721 1084 1782 totius.
1117 1731 1151 1782 et
1165 1729 1271 1801 potest
1288 1721 1377 1802 quis-
1395 1736 1423 1782 44

292 1825 356 1886 que
379 1810 473 1869 tertia
495 1807 575 1869 forte
599 1816 654 1868 aut
677 1819 790 1889 quarta
813 1809 865 1870 uel
890 1809 983 1870 etiam
1006 1808 1127 1868 minore
1149 1816 1242 1886 parte
1257 1808 1376 1888 peculii

292 1894 461 1972 negotiari,
496 1895 665 1956 maximam
695 1914 772 1955 uero
802 1901 925 1974 partem
955 1892 1072 1973 peculii
1105 1894 1139 1954 in
1176 1891 1247 1955 aliis
1278 1893 1376 1956 rebus

291 1977 423 2056 habere;
457 1979 549 2059 longe
578 1980 678 2058 magis
701 1981 729 2040 si
751 1988 855 2060 potest
877 1979 1057 2060 adprobari,
1084 1977 1118 2039 id
1141 1979 1227 2058 quod
1243 1973 1379 2063 <dederit

292 2064 319 2124 44
341 2065 395 2144 qui
415 2083 482 2126 cum
501 2066 563 2145 filio
586 2061 730 2150 seruooe)
746 2066 915 2144 contraxit,
944 2067 977 2126 in
1001 2083 1068 2126 ram
1090 2065 1191 2144 patris
1213 2063 1376 2127 dominius

292 2168 423 2211 uersum
451 2169 536 2229 esse,
567 2150 607 2214 ad
630 2154 711 2214 hanc
734 2152 887 2214 actionem
910 2153 1046 2212 transire
1069 2149 1183 2228 debet3
1220 2169 1314 2232 nam,
1342 2160 1377 2213 ut
1393 2165 1422 2210 44

292 2254 387 2315 supra
412 2236 562 2317 diximus,
589 2235 601 2320 ΙΙ
625 2237 737 2301 eadem
759 2237 894 2299 formula
910 2247 942 2299 et
957 2236 996 2298 de
1011 2236 1135 2318 peculio
1151 2235 1240 2298 etde
1256 2237 1291 2297 in
1307 2250 1445 2313 rempgar

290 2341 383 2383 uerso
406 2324 521 2403 agitur.

226 2408 266 2468 75
378 2409 424 2468 Ex
446 2410 609 2471 maleficiis
632 2409 769 2470 filiorum
792 2407 927 2471 familias
950 2426 1197 2488 seruorumque,
1225 2408 1328 2471 ueluti
1349 2409 1376 2471 si

291 2494 413 2556 lurtum
436 2494 568 2557 fecerint
590 2504 645 2556 aut
667 2495 815 2556 iniuriam
838 2495 1064 2573 commiserint,
1090 2494 1222 2556 noxales
1237 2496 1376 2557 actiones

291 2579 435 2660 proditae
458 2591 543 2660 sunt,
570 2584 617 2644 uti
640 2581 750 2642 liceret
771 2581 856 2661 patri
880 2580 1047 2641 dominoue
1070 2589 1125 2641 aut
1147 2579 1213 2641 litis
1228 2582 1376 2643 aestima·
1393 2594 1420 2640 44

292 2667 408 2727 tionem
432 2663 569 2729 sufferre
593 2677 648 2729 aut
670 2686 772 2728 noxae
796 2665 924 2727 dedero.
956 2674 1024 2727 erat
1047 2667 1131 2728 onim
1154 2664 1299 2747 iniquum
1319 2685 1378 2727 ne-

292 2753 426 2831 quitiam
450 2772 558 2815 eorum
582 2754 666 2815 ultra
689 2752 831 2832 ipsorum
847 2771 977 2831 corpora
992 2750 1181 2832 parentibus
1196 2750 1377 2815 dominisue

226 2837 268 2898 76
292 2835 474 2900 damnosam
497 2859 578 2901 esse.
627 2839 821 2902 constitutae
844 2847 919 2899 sunt
941 2846 1048 2898 autem
1077 2838 1209 2899 noxales
1236 2839 1376 2900 actiones

292 2931 346 2983 aut
368 2922 493 3003 legibus
516 2934 571 2987 aut
594 2924 693 2986 edicto
715 2925 889 3005 praetoris:
922 2923 1059 3004 legibus,
1089 2924 1181 2984 uelut
1203 2922 1284 2986 furti
1307 2925 1376 3005 lege

361 3125 418 3191 §rt
438 3131 465 3178 et
483 3131 529 3177 ‘14⁸
547 3127 616 3178 conl.
638 3131 702 3180 lust.
725 3131 749 3190 t,
764 3132 817 3190 4,4
837 3128 848 3192 ΙΙ
867 3127 940 3194 §74⁸
957 3127 1047 3191 supro]
1069 3126 1172 3193 444414
1190 3127 1248 3194 §ro
1268 3128 1327 3181 lere
1343 3148 1376 3173 ι

291 3196 355 3248 lost.
372 3199 395 3258 4,
412 3201 480 3262 8pr.
495 3195 542 3261 §2
561 3196 572 3260 ΙΙ
591 3195 649 3262 §76
669 3218 701 3241 =
720 3200 785 3249 lust.
802 3200 826 3260 4,
840 3202 865 3260 8,
882 3200 906 3250 4.

360 3389 369 3434 4
394 3384 532 3444 44144041,
553 3386 638 3436 ueluti
657 3387 719 3437 44444
739 3384 1374 3449 11444444440,ο444.44444.144444444ηή40,

285 3536 349 3587 pop
367 3524 424 3582 444,
440 3528 506 3572 4-4
525 3492 706 3573 adnotoclmus
723 3523 734 3586 ΙΙ
752 3527 767 3572 (4
786 3523 873 3587 possit
892 3522 1030 3583 (44444444,
1049 3522 1156 3587 possitu
1173 3520 1210 3572 0⁰
1256 3520 1377 3575 difficul-

289 3594 372 3641 tatem
387 3592 525 3654 (4444444444,
546 3590 703 3642 difficultate
718 3592 738 3644 C
755 3591 766 3654 ll
784 3595 798 3640 4
817 3591 951 3656 probandi
965 3592 1040 3654 lost,
1058 3590 1202 3656 probando
1270 3590 1335 3657 144
1352 3592 1377 3643 is

289 3660 364 3720 44444,
385 3661 418 3711 444
434 3661 454 3712 C
470 3661 482 3724 ΙΙ
501 3664 531 3710 44
550 3660 660 3725 quibus]
681 3662 708 3710 44
727 3660 828 3724 quibus
843 3660 863 3711 C
878 3657 889 3726 ΙΙ
909 3664 939 3710 ts
951 3660 1054 3724 peculii
1064 3658 1192 3723 totiusG
1213 3656 1377 3727 depaenllo)

288 3729 388 3790 peculu
402 3731 484 3780 totius
496 3732 597 3780 4444444444
609 3730 728 3793 14444944
738 3726 749 3797 ΙΙ
767 3730 894 3780 4444444444
907 3729 978 3789 luat
998 3727 1091 3790 erro,
1110 3727 1178 3791 44444.
1248 3730 1376 3795 mm

287 3810 356 3847 44444.
374 3804 405 3848 44
423 3798 435 3861 ll
453 3803 484 3848 44
504 3799 564 3849 aliis
585 3798 726 3858 Goesctrr,
746 3797 860 3861 4444011
881 3801 980 3848 48-49
998 3793 1108 3864 (leo.
1125 3797 1375 3863 4444444141441,

287 3869 316 3913 ot
340 3867 663 3932 444444444444444444444411
681 3871 712 3916 23
733 3866 874 3919 maleficiis
893 3867 967 3929 44444,
987 3864 1122 3917 maleficio
1141 3862 1162 3915 G
1179 3862 1192 3933 Ι
1208 3868 1243 3917 26
1261 3864 1377 3919 cufim

288 3933 360 3992 44444,
380 3934 478 3986 suffere
495 3936 514 3985 c
530 3937 541 4000 n
560 3949 630 3986 noxe
648 3949 682 3986 444
701 3949 786 3987 noxae
803 3934 981 3987 correctorio
997 3934 1009 3999 4
1026 3936 1085 3985 crat
1101 3934 1177 3987 euim
1189 3932 1236 3997 (444,
1255 3946 1377 4001 namqu

287 4002 427 4054 eratlosr.
452 4002 518 4066 1148
545 4007 707 4056 constitutae
731 4009 907 4056 sumentem
933 4002 981 4066 0¹¹,
1008 4005 1073 4055 sunt
1094 4005 1186 4055 autam
1209 3970 1377 4059 cimam

288 4070 349 4123 4444,
369 4070 380 4133 ΙΙ
400 4074 464 4132 49(
454 4074 549 4134 (priore
566 4074 628 4135 loco)
650 4073 753 4135 legibus
772 4074 842 4136 4444,
862 4071 954 4137 44444444
968 4071 988 4123 G
1004 4070 1016 4136 ΙΙ
1032 4072 1123 4125 edicto
1140 4072 1218 4137 44444,
1234 4070 1375 4189 ἦμαρ,

286 4139 352 4201 coos.
377 4138 484 4203 044444.
495 4146 633 4194 24444444.
650 4144 682 4191 47
699 4142 711 4206 ΙΙ
728 4143 805 4193 uelut
824 4141 868 4204 Gn,
888 4141 976 4192 ueluti
994 4141 1056 4195 44444.
