2902 4830
197 277 232 328 lv
249 274 410 342 §res-tas
582 311 667 323 -
714 275 775 339 192
818 310 905 322 -

114 466 173 527 tia
198 483 294 527 causa
316 473 485 546 conparata
499 473 575 526 sunt
589 465 642 527 uel
659 463 843 527 retinendae
857 464 911 527 uel
926 463 1166 545 reciperandae.
1206 461 1288 524 Adi·

196 550 368 632 piscendae
391 550 602 630 possessionis
624 570 719 614 causa
738 550 945 612 interdictum
960 549 1213 613 accommodatur
1229 550 1288 610 bo-

195 656 308 700 norum
338 638 527 717 possessori,
560 637 654 699 cuius
681 637 878 718 principium
908 645 957 699 est
983 653 1102 709 ovonvu
1124 654 1284 713 rouoavu3

196 724 326 803 eiusque
356 721 407 784 uis
430 732 462 785 et
483 730 624 803 potestas
645 724 723 785 haec
744 731 810 801 est,
842 731 879 784 ut
901 721 986 803 quod
1010 725 1148 802 quisque
1171 740 1212 784 ex
1236 722 1288 783 his

196 807 289 870 bonis
313 826 447 887 quorum
469 810 627 888 possessio
651 809 747 871 alicui
771 808 843 870 data
866 816 922 887 est,
949 828 1007 889 pro
1022 807 1141 870 herede
1156 816 1211 869 aut
1228 827 1286 887 pro
1305 820 1320 866 ι

194 912 376 974 possessore
392 891 405 977 11
421 893 593 975 possideat,
620 893 654 956 id
677 894 773 957 sicui
789 893 945 956 bonorum
960 897 1118 974 possessio
1134 893 1207 955 data
1224 902 1283 973 est,
1297 915 1336 967 pg.

198 979 394 1042 restituatur.
427 999 486 1060 pro
509 980 627 1043 herede
650 990 756 1043 autem
779 979 944 1061 possidere
959 978 1090 1042 uidetur
1104 988 1169 1041 tam
1185 979 1215 1042 is
1231 979 1288 1059 qui

196 1067 291 1127 heres
316 1074 382 1145 εει,
417 1084 511 1145 quam
532 1065 561 1129 is
584 1065 641 1147 qui
663 1075 756 1146 putat
778 1085 812 1128 se
834 1066 986 1129 heredem
1009 1085 1095 1145 esse;
1127 1084 1186 1146 pro
1211 1084 1288 1146 pos-

196 1169 320 1214 sessore
350 1153 377 1213 is
404 1151 547 1232 possidet
577 1152 633 1233 qui
662 1153 732 1214 sine
756 1171 851 1214 causa
874 1153 1011 1233 aliquam
1033 1171 1102 1213 rem
1123 1152 1289 1214 heredita-

197 1239 277 1301 riam
303 1236 356 1298 ucl
379 1238 474 1299 etiam
496 1247 593 1301 totam
614 1237 824 1302 hereditatem
848 1240 954 1301 sciens
975 1236 1017 1299 ad
1039 1257 1073 1300 se
1095 1257 1160 1299 non
1184 1239 1289 1317 perti-
1306 1250 1330 1295 u

197 1341 274 1385 nere
294 1323 446 1404 possidet.
478 1323 551 1386 ideo
566 1333 673 1387 autem
688 1323 913 1406 adipiscendae
929 1325 1140 1405 possessionis
1155 1332 1290 1385 uocatur

197 1405 440 1493 <interdietum>,
473 1412 551 1490 quia
579 1412 610 1473 ei
633 1419 757 1472 tantum
778 1410 858 1474 utile
888 1410 1015 1490 estqui
1038 1429 1124 1471 nunc
1147 1409 1288 1490 primum

196 1503 328 1557 conatur
354 1494 491 1576 adipisci
517 1498 564 1559 rei
588 1495 832 1577 possessionem.
872 1497 980 1576 itaque
1003 1497 1030 1558 si
1054 1497 1127 1575 quis
1150 1494 1289 1574 adeptus

196 1582 430 1661 possessionem
452 1580 604 1662 amiserit,
630 1581 750 1645 desinit
772 1583 801 1644 oi
825 1581 859 1644 id
881 1580 1084 1644 interdictum
1105 1581 1186 1644 utile
1204 1600 1284 1644 esse.

113 1667 172 1726 titt
196 1669 354 1729 Bonorum
377 1686 504 1748 quoque
528 1668 663 1749 emptori
687 1669 835 1731 similiter
864 1669 1056 1750 proponitur
1077 1666 1287 1729 interdictum
1305 1679 1331 1724 rs

114 1754 172 1813 aas
196 1751 282 1833 quod
313 1751 443 1833 quidam
469 1755 702 1833 possessorium
730 1762 856 1816 uocant.
902 1755 980 1816 Item
1009 1755 1039 1816 ei
1069 1752 1125 1834 qui
1155 1752 1287 1833 publica

195 1837 279 1901 bona
309 1840 437 1917 emerit,
471 1839 616 1902 ciusdem
638 1839 832 1902 condicionis
860 1839 1065 1902 interdictum
1095 1839 1287 1919 proponitur

196 1922 282 2003 quod
303 1923 482 2003 appellatur
504 1925 683 2005 sectorium,
710 1925 796 2004 quod
819 1934 956 1987 sectores
979 1935 1135 1988 uocantur
1151 1925 1209 2006 qui
1226 1945 1289 2006 pu-

113 2008 171 2071 427
196 2010 279 2071 hlioe
302 2008 386 2072 bona
403 2019 596 2073 mercantur.
637 2010 844 2074 Interdictum
859 2029 987 2092 quoque
1004 2010 1089 2091 quod
1104 2011 1289 2092 appellatur

197 2093 398 2174 Saluianum,
432 2095 657 2177 adipiscendae
686 2096 899 2178 possessionis
923 2093 1051 2180 (ceusu)
1078 2106 1289 2177 conparatum
1307 2109 1333 2158 ιι

196 2190 260 2260 εει,
295 2198 394 2261 eoque
423 2179 525 2244 utitur
553 2181 701 2245 dominus
727 2182 820 2245 fundi
843 2181 1007 2245 derebus
1030 2183 1132 2244 coloni
1157 2202 1240 2264 quas
1263 2185 1291 2244 is

113 2267 172 2328 tit
193 2285 254 2347 pro
275 2266 476 2330 mercedibus
498 2267 591 2330 fundi
613 2268 739 2350 pignori
761 2268 884 2331 futuras
906 2271 1094 2350 pepigisset.
1131 2268 1292 2331 Retinen-

196 2352 255 2415 dae
285 2355 496 2432 possessionis
526 2373 622 2417 causa
650 2356 729 2417 solet
757 2355 961 2417 interdictum
992 2354 1101 2433 reddi,
1140 2375 1216 2418 cum
1250 2353 1292 2416 ab

196 2448 331 2519 utraque
361 2448 452 2519 parte
475 2439 515 2502 de
537 2440 733 2521 proprietate
756 2442 891 2503 alicuius
914 2443 962 2502 rei
984 2442 1202 2503 controuersia
1226 2450 1287 2521 est,

196 2534 228 2587 et
257 2533 331 2586 ante
361 2525 542 2606 quaeritur,
575 2536 648 2588 uter
671 2546 713 2588 ex
734 2526 947 2608 litigatoribus
969 2525 1135 2608 possidere
1159 2536 1192 2589 et
1215 2537 1292 2590 uter
1309 2538 1336 2585 29

195 2641 247 2658 ΛΑΓ

248 2693 278 2813 11
293 2697 344 2813 :ti
358 2694 466 2813 ῐῗὲεῗ
486 2697 551 2748 Inst.
565 2699 588 2758 t,
606 2699 676 2759 15,3
700 2697 712 2760 11
734 2697 808 2763 §⁴47
828 2718 861 2740 =
879 2698 1042 2758 1nst.t,as‚
1059 2699 1072 2742 3
1096 2697 1108 2760 11
1130 2696 1207 2762 1448
1234 2697 1292 2749 fere

197 2784 228 2806 =
261 2777 313 2816 ns.
347 2804 353 2826 ,
405 2800 411 2823 ,
446 2803 452 2814 .

1237 2868 1290 2884 NJ

272 2920 282 2965 ι
305 2917 472 2981 retinendae]
498 2919 657 2970 retinendae
681 2921 861 2984 possessionis
880 2933 964 2971 causa
983 2920 1159 2970 interdictum
1185 2922 1293 2982 (deletis

197 2990 283 3036 temen
301 2986 384 3035 tribus
400 2987 498 3036 ultimis
514 2988 656 3047 uocabulis)
678 2988 711 3038 0ΙΙ
729 2989 741 3052 1
759 2993 774 3038 2
794 2989 1018 3039 accommodatur
1031 2990 1106 3049 lost,
1127 3002 1291 3040 accommo-

196 3055 310 3104 daturur
331 3052 375 3113 0¹¹,
395 3055 462 3117 conf.
485 3055 517 3106 0²
531 3069 594 3119 pap.
606 3061 659 3107 596
675 3071 746 3109 ears.
758 3063 791 3110 25
809 3056 821 3120 11
838 3059 851 3105 ι
871 3059 984 3121 eiusque
1002 3058 1046 3108 uis
1067 3059 1141 3118 best,
1163 3059 1291 3123 eiusquis

198 3123 227 3183 0,
248 3123 314 3186 cons,
339 3121 371 3172 6⁸
386 3136 449 3186 pap.
462 3129 514 3176 299
531 3138 601 3176 cera.
618 3130 633 3174 6
650 3121 659 3192 11
677 3129 744 3176 1-9
763 3127 879 3190 quisque
896 3140 930 3176 ex
952 3126 994 3176 his
1012 3126 1093 3177 bonis
1114 3127 1159 3186 cn,
1186 3142 1222 3177 ex
1248 3129 1291 3178 his

195 3192 274 3242 honis
293 3193 409 3255 quisque
427 3191 491 3243 lust.
509 3192 520 3256 1
539 3195 553 3241 5
573 3195 615 3243 est
627 3195 701 3256 inst,
722 3197 764 3245 est
781 3197 804 3245 si
820 3195 864 3254 cn,
884 3196 952 3259 cons.
969 3195 1001 3246 0⁸
1015 3209 1079 3258 paq.
1093 3201 1146 3250 299
1163 3210 1239 3247 cers.
1254 3193 1292 3262 71

196 3266 210 3310 6
229 3260 369 3326 possideat
386 3261 460 3323 lost,
480 3262 634 3326 possideret
649 3263 684 3314 0ιι
700 3259 711 3329 11
729 3267 743 3312 8
762 3264 842 3313 heres
861 3263 910 3327 est]
931 3265 998 3327 cons.
1016 3264 1048 3315 0⁸
1063 3277 1127 3327 paq.
1141 3266 1195 3318 279
1215 3279 1287 3315 uera.

198 3335 228 3380 to
247 3329 258 3394 11
276 3342 359 3393 qnam
380 3328 518 3390 Goescbec,
539 3344 609 3394 quae
630 3331 674 3394 01¹,
702 3332 769 3394 eccs.
793 3331 825 3383 0α
839 3346 901 3396 pap.
917 3337 969 3386 292
986 3338 1084 3385 uersi
1102 3330 1112 3398 11
1130 3336 1144 3381 9
1164 3333 1289 3398 aliquam

198 3399 336 3459 Goescheo,
357 3397 465 3461 aliquae
478 3399 523 3463 Cn,
544 3399 611 3462 coos.
626 3399 658 3450 0²
673 3413 737 3464 poa.
749 3406 802 3455 292
818 3407 920 3452 nerse
937 3401 948 3465 1
968 3406 999 3450 ι2
1018 3402 1197 3451 interdictum
1213 3403 1286 3465 lost,

195 3480 245 3519 om.
273 3466 324 3530 011
351 3468 414 3530 quia
435 3468 510 3530 last,
537 3481 555 3531 q
581 3467 608 3528 0,
638 3470 704 3532 cccl.
728 3467 759 3519 0³
776 3483 840 3533 poe.
858 3471 910 3523 293
930 3484 1000 3521 cers,
1023 3475 1054 3521 19
1076 3472 1086 3532 11
1115 3474 1146 3519 19
1170 3471 1289 3536 adipisci

195 3537 269 3598 lust,
292 3537 412 3600 adipisce
434 3535 453 3585 0
479 3537 490 3600 11
514 3539 545 3586 ιι
567 3538 690 3587 amiserit
714 3537 746 3601 0,
767 3540 889 3588 amiserit
910 3552 970 3588 eam
992 3541 1055 3590 inst.
1075 3541 1087 3604 11
1109 3540 1288 3591 interdictum

196 3605 270 3668 lost,
297 3605 411 3654 idiotum
433 3604 461 3665 0,
481 3607 548 3668 coos.
572 3605 604 3657 0⁸
618 3620 682 3670 pap.
696 3608 748 3661 272
765 3613 863 3657 uersa
887 3603 897 3674 11
920 3611 951 3657 18
972 3622 1023 3670 pro
1040 3610 1123 3659 altero
1141 3609 1221 3671 quod
1244 3612 1289 3671 (sic

198 3671 243 3732 0¹¹)
264 3679 382 3736 ocpectcs
400 3673 473 3737 quia,
500 3675 567 3737 coos.
591 3674 623 3725 0ι
637 3689 701 3739 pcc.
715 3680 767 3729 299
783 3688 853 3726 cers.
868 3680 899 3726 19
920 3674 930 3742 1
955 3680 986 3724 49
1002 3683 1061 3739 post
1078 3682 1246 3728 mercantur
1262 3681 1288 3728 io

201 3739 235 3790 cn
256 3754 306 3802 per
330 3755 447 3792 errorem
467 3746 576 3806 repetita
599 3749 659 3795 sect
687 3745 767 3795 uerte
791 3746 838 3808 qui
861 3744 970 3809 publice
993 3759 1066 3797 uona
1094 3749 1260 3797 mercentur
1280 3744 1289 3812 11

196 3811 227 3856 29
252 3809 446 3873 adipiscendae
470 3811 541 3875 lost„
567 3813 729 3877 apiscendae
758 3814 810 3877 011
834 3826 917 3864 causa
935 3817 1009 3875 lost,
1034 3827 1083 3863 em.
1108 3815 1136 3877 0,
1162 3816 1236 3878 cons.
1258 3815 1287 3866 0Ι

191 3889 255 3940 pap.
268 3882 319 3930 269
336 3885 438 3929 eers.9
461 3880 473 3943 11
496 3885 596 3931 21-22
621 3884 644 3933 is
667 3896 718 3947 pro
742 3882 915 3933 mercedibus
935 3885 1009 3943 lost,
1034 3883 1287 3948 irpsemeroedrbus

197 3947 230 4005 (si
244 3945 255 4004 )
272 3944 313 4008 01
330 3949 362 3995 22
381 3949 487 4010 pignori
507 3949 612 4002 iuturus
625 3965 659 4002 eae
670 3953 793 4016 pignoris
803 3951 924 4002 futurem
935 3957 1080 4002 correctum
1096 3951 1138 4015 01
1157 3955 1189 4002 et
1214 3957 1288 4004 utra-

195 4013 347 4132 (ἒὶιὲῗθηὲἶενι,
373 4018 489 4079 utroque
515 4018 549 4068 Cn
573 4019 584 4082 11
608 4027 649 4072 εει
674 4020 702 4081 0,
729 4023 764 4072 εἰι
785 4021 847 4070 lest.
872 4022 882 4083 11
907 4024 939 4070 25
966 4023 1057 4083 (altero
1080 4021 1144 4083 loco)
1170 4027 1198 4072 ει
1226 4024 1288 4073 delet
