2902 4830
182 289 405 355 ((44444-44
573 322 659 335 ....
703 288 744 351 50
788 323 873 334 ..-

183 487 248 558 est,
277 487 312 540 ut
342 478 454 539 liceret
481 475 628 539 creditori
658 479 776 558 pignus
804 475 962 552 uendere,
991 477 1018 538 si
1040 476 1178 557 pecunie
1202 495 1266 539 non

182 564 334 626 soluetur.

272 648 312 729 [ir.
329 648 360 709 i.
386 666 424 708 nr
446 667 577 710 rvrrnms
599 667 638 711 44(
659 667 778 721 suoru>
800 668 819 708 4
841 667 872 709 ss
895 666 1036 710 44444444
1059 646 1218 727 rossum]
1274 662 1357 723 pegus

118 735 157 796 80
267 735 359 795 Nunc
380 733 572 796 admonendi
595 753 705 797 sumus
727 750 832 814 neque
855 733 1002 795 feminam
1027 752 1131 813 neque
1154 733 1267 814 pupil-

182 820 247 881 ium
271 820 340 882 siue
363 821 477 882 tutoris
499 821 682 883 auctoritate
705 839 772 881 rem
795 819 944 900 mancipii
977 819 1116 882 alienare
1146 833 1299 898 posse;c

181 922 241 966 nec
263 906 412 986 mancipii
439 925 515 968 uero
542 906 691 968 feminam
721 904 850 985 quidem
877 923 983 985 posse,
1013 904 1173 986 pupillum
1200 923 1264 967 non

117 993 153 1054 84
181 1009 284 1071 posse.
322 990 459 1072 Ideoque
481 993 509 1054 si
532 991 659 1072 quondo
682 992 796 1053 mulier
818 1000 958 1052 mutuam
978 992 1146 1071 pecuniam
1167 991 1265 1053 elicui

181 1078 249 1140 sine
271 1079 384 1139 tutoris
413 1079 596 1149 auctoritate
626 1076 763 1155 dederit,
798 1078 872 1157 quic
902 1075 977 1138 44444
1005 1096 1074 1139 eam
1102 1077 1266 1157 occipien-

181 1163 233 1242 tis,
259 1181 330 1225 cum
361 1164 481 1226 scilicet
506 1166 644 1244 pecunia
673 1182 724 1225 res
752 1181 812 1225 nec
841 1163 991 1243 mancipii
1018 1165 1075 1241 sit,
1107 1163 1264 1224 contrahit

107 1251 157 1314 -82
180 1248 411 1329 obligationem.
467 1249 506 1313 At
540 1251 566 1312 si
599 1251 743 1331 pupillus
777 1247 861 1310 idem
895 1248 1021 1324 fecerit,
1054 1244 1059 1332 Ι
1090 1249 1165 1328 quie
1200 1266 1263 1309 non
1283 1260 1312 1305 44

177 1333 257 1415 facit
278 1336 455 1416 accipientis
477 1355 492 1398 s
753 1383 760 1415 ,
786 1334 904 1397 nullam
925 1330 930 1418 1
949 1335 1110 1396 contrahit
1139 1334 1264 1414 oblige-

180 1420 312 1497 tionem;
353 1420 440 1483 unde
473 1422 617 1503 pupillus
650 1421 814 1484 uindicare
848 1420 976 1501 quidem
1009 1438 1154 1482 nummos
1187 1439 1264 1482 suos

179 1516 300 1587 potest,
333 1507 433 1569 sicubi
464 1516 590 1586 extent,
622 1506 655 1569 id
685 1503 689 1590 4
721 1514 769 1568 444
797 1524 848 1568 444
876 1515 992 1587 petere·
1017 1524 1090 1568 4444
1120 1523 1163 1567 ecc
1192 1506 1263 1568 iure

180 1593 351 1666 Quiritium
374 1611 437 1654 esse
778 1589 781 1675 4
1168 1611 1264 1673 repe-

179 1687 247 1739 tere
280 1679 385 1758 potest
414 1697 429 1740 s
725 1675 809 1762 itere.
855 1675 939 1739 uude
968 1677 1009 1739 de
1037 1678 1161 1758 pupillo
1188 1679 1263 1758 qui·
1282 1689 1311 1737 44

107 1803 112 1814 ·
178 1763 251 1825 dem
281 1764 445 1842 quaeritur
473 1782 513 1825 en
543 1760 820 1847 num-i--quos
850 1771 978 1825 mutuos
1007 1760 1112 1843 dedit,
1154 1761 1195 1825 ab
1227 1783 1262 1825 eo

107 1887 112 1897 -
179 1849 235 1928 qui
257 1849 383 1929 accepit,
630 1846 635 1932 4
889 1851 1012 1910 actione
1034 1867 1086 1910 eos
1108 1851 1262 1929 persequi

114 1937 152 1997 83
177 1934 287 2015 possit,
311 1935 460 2012 quoniam
471 1932 1046 2017 —p-———-—-—-—-—
1056 1943 1172 2015 potest.
1222 1932 1262 1996 At

179 2038 219 2081 ex
241 2021 398 2082 contrario
425 2016 429 2104 4
455 2038 556 2082 omues
578 2038 629 2082 444
660 2028 721 2082 tam
749 2021 896 2102 44444444
915 2037 1006 2102 quom
1028 2039 1088 2083 nec
1109 2022 1262 2101 mancipii
1281 2031 1310 2077 44

179 2105 364 2168 mulieribus
386 2105 399 2188 ΙΙ
421 2114 454 2168 44
475 2106 608 2186 pupillis
631 2108 698 2167 sine
727 2109 839 2169 tutoris
866 2108 1050 2168 auctoritate
1078 2107 1158 2169 44444
1187 2125 1264 2188 pos·
1272 2115 1352 2180 pegst

247 2283 305 2349 §8⁰
325 2285 383 2336 init.
401 2283 457 2334 4444
476 2304 507 2328 =
527 2284 591 2337 inst.
607 2288 632 2346 4,
647 2272 702 2345 'm
726 2281 736 2352 ΙΙ
757 2283 810 2349 484
840 2285 899 2338 init.
923 2287 951 2334 et
976 2283 988 2349 4
1008 2287 1040 2333 84
1063 2285 1122 2335 init.
1146 2283 1204 2336 4444
1229 2305 1261 2329 -

178 2353 243 2406 inst.
257 2358 283 2416 2,
298 2358 323 2415 8,
338 2358 353 2402 4
373 2354 384 2417 ΙΙ
403 2352 461 2418 §83
480 2354 539 2404 init.
557 2351 628 2405 coni.
649 2354 753 2416 14444,
770 2357 795 2416 8,
810 2357 835 2404 4.

248 2521 262 2566 4
281 2516 348 2566 44444
364 2518 498 2568 44444444
518 2516 593 2579 (eoos.
616 2516 648 2569 0²
662 2529 724 2580 444.
738 2521 789 2568 4444
807 2529 877 2567 nors.
891 2516 932 2572 444
957 2517 1106 2577 quintam
1129 2528 1179 2577 444
1203 2518 1262 2566 iore

177 2583 268 2647 [444444
286 2585 410 2636 librarius
430 2583 492 2647 (01),
516 2587 567 2636 (4444
584 2588 684 2647 nequit,
712 2587 773 2647 4444
789 2585 904 2646 reliquae
918 2586 1055 2646 4444444444
1077 2580 1087 2649 ΙΙ
1110 2586 1124 2631 9
1144 2585 1259 2648 pecunie

178 2652 308 2711 Huschke,
330 2666 361 2703 44
380 2655 515 2718 pecunio‘i
537 2653 557 2705 0
576 2651 586 2721 ΙΙ
612 2657 639 2703 44
667 2654 843 2716 supplementa
863 2660 906 2714 444
925 2653 989 2702 4444.
1010 2652 1139 2713 derivata)
1159 2655 1261 2703 4444444

177 2727 251 2780 suot,
271 2721 339 2783 4444.
362 2721 393 2772 0³
411 2728 436 2773 44
455 2722 511 2782 OQ·
535 2725 662 2773 4444444444
685 2723 776 2773 suadet
798 2727 828 2772 44
845 2735 978 2772 4444444
1001 2721 1063 2770 iaec
1081 2721 1168 2782 444444
1184 2723 1261 2771 modo

178 2792 337 2850 4444444444
358 2790 466 2840 Gaium:
491 2792 554 2855 quie
572 2791 717 2855 pecuniam
736 2791 813 2853 (conf.
833 2791 909 2850 lust.)
933 2803 987 2840 non
1012 2789 1074 2840 iecit
1098 2790 1260 2855 accipientis

180 2858 247 2920 (sine
271 2859 369 2907 tutoris
392 2859 562 2921 auctoritate)
584 2857 595 2925 14
619 2862 649 2907 42
668 2859 809 2909 uindicare
833 2858 956 2923 quiidiem
977 2857 1004 2917 C,
1032 2858 1145 2921 quidem
1167 2858 1258 2908 uindi-

177 2936 239 2975 4444
252 2926 381 2989 44444444,
400 2926 467 2990 coos.
483 2941 549 2991 4444
563 2929 644 2990 44444
662 2927 733 2990 infra
747 2929 781 2978 ad
794 2930 893 2977 44-48
913 2929 1037 2978 adnotatu
1050 2931 1109 2977 4444
1125 2922 1136 2994 ΙΙ
1154 2930 1185 2975 ts
1206 2927 1259 2988 e(os

177 2992 294 3055 p)eterc‘i
320 2992 354 3054 0,
378 3008 429 3057 pro
453 3009 502 3059 444
525 2995 666 3046 intendere
690 2997 799 3046 444444
822 2998 976 3047 4444444444
1000 2996 1143 3057 4444444444
1166 2998 1260 3057 444444-

176 3066 257 3112 44444
278 3059 288 3126 ΙΙ
312 3065 412 3113 43-48
440 3065 486 3114 tec
508 3064 564 3128 scre
590 3066 664 3114 modo
691 3066 725 3113 ad
751 3067 906 3115 4444444444
931 3065 1047 3127 44444444
1069 3076 1147 3126 44444
1171 3064 1260 3114 44444-

176 3143 238 3194 4444
260 3132 397 3182 uidentur:
422 3133 526 3184 idest
549 3146 598 3184 eos
621 3136 724 3198 petere
746 3145 814 3184 4444
838 3147 873 3184 eor
895 3132 964 3184 iure
985 3133 1159 3192 Quiritium
1182 3145 1255 3193 esse;

176 3200 280 3250 mulier
298 3213 365 3250 uero
383 3201 495 3252 minime
513 3201 565 3251 hoc
584 3202 667 3252 modo
685 3203 827 3263 repetere
845 3204 959 3263 potest,
984 3203 1035 3253 scd
1054 3203 1105 3252 ito:
1126 3202 1187 3252 dari
1206 3200 1258 3252 sibi

177 3266 1259 3406 444444444444444444444444444444444(

699 3377 705 3399 4
1056 3375 1064 3399 2

175 3408 303 3470 4444444,
315 3408 468 3472 consumpti
484 3404 489 3472 Ι
504 3410 576 3468 sunt,
590 3407 684 3472 alique
695 3407 820 3460 actione
833 3421 886 3460 eos
896 3409 1046 3470 persequi
1055 3407 1168 3470 possit,
1180 3420 1258 3469 quo·

174 3476 261 3528 niem
274 3476 464 3541 obligationem
479 3477 561 3527 otiam
573 3480 632 3527 sine
644 3477 741 3528 tutoris
753 3477 914 3528 auctoritate
926 3478 1070 3542 adquirere
1079 3477 1257 3538 sicientem

176 3546 334 3596 4444444444
351 3546 397 3596 too
412 3548 499 3608 444444
516 3547 606 3595 modo.-
624 3545 659 3596 id
676 3548 726 3598 est
743 3558 792 3598 cos
809 3548 912 3610 444444
930 3559 999 3599 scos
1017 3560 1052 3596 44
1068 3545 1139 3597 iure
1152 3545 1258 3604 Quiri·-

174 3615 256 3665 tium
274 3627 343 3678 osse,
362 3627 444 3676 44444
461 3619 546 3665 tumeo
564 3617 653 3666 stricto
665 3614 727 3667 4444
739 3617 846 3675 444444
858 3618 964 3676 potest
977 3614 1030 3666 sibi
1043 3628 1091 3665 eos
1103 3613 1162 3664 deri
1174 3627 1259 3678 opor-

174 3684 251 3733 tere.
294 3682 372 3734 unde
393 3683 432 3735 (14
456 3682 578 3746 pupillo
602 3683 730 3745 quidem
759 3684 931 3745 quaeritur,
960 3697 1002 3735 an
1027 3684 1158 3734 nummis
1181 3695 1258 3744 qnos

175 3753 302 3803 mutuos
320 3751 408 3803 dedit
426 3752 466 3803 ab
484 3752 595 3814 ecqui
619 3754 738 3815 4444444
760 3754 930 3817 consumptis
955 3751 1030 3803 ciuili
1052 3752 1178 3803 notione
1203 3763 1259 3804 eos

174 3820 322 3880 persequi
344 3821 459 3882 possit,
481 3822 631 3883 quoniam
653 3822 712 3872 deri
736 3834 784 3873 eos
808 3821 858 3872 sibi
883 3825 1008 3886 oportere
1033 3820 1174 3871 intendere
1198 3833 1259 3871 non

174 3889 294 3950 potsst3
310 3890 386 3952 (4444.
401 3896 486 3941 tameo
500 3889 531 3941 0·
548 3895 573 3941 44
587 3889 641 3952 0⁵⁸)
653 3886 664 3958 41
687 3894 717 3940 47
732 3891 839 3955 occepit
853 3889 991 3951 Goesoiteo,
1005 3890 1105 3952 accipit
1119 3889 1139 3941 t'
1154 3884 1165 3956 ΙΙ
1183 3892 1216 3940 48
1231 3892 1259 3939 44

176 3954 250 4017 lost,
267 3955 328 4007 440
342 3954 353 4023 ΙΙ
370 3961 401 4007 49
421 3971 516 4010 omnes
533 3971 578 4009 res
595 3963 650 4010 tom
670 3960 796 4024 mancipii
815 3971 897 4023 quem
915 3960 949 4009 ad
969 3959 1109 4011 Goescteoi
1125 3960 1258 4009 44444444·

174 4037 235 4074 rem
252 4029 276 4076 44
293 4026 327 4075 cd
339 4025 402 4075 4444.
416 4032 442 4089 4,
456 4032 480 4087 44,
496 4032 522 4087 2,
542 4040 594 4077 444
605 4029 640 4078 cd
655 4027 676 4080 c
692 4029 895 4093 (4444444444
911 4024 921 4093 ΙΙ
939 4031 970 4076 no
988 4027 1099 4093 pupillis
1115 4026 1255 4089 4444444444,

175 4092 269 4158 pnpilli
284 4090 325 4161 ΟΙΙ
341 4095 399 4144 sinc
411 4097 509 4145 tutoris
522 4097 681 4147 auctoritate
693 4098 768 4158 4444,
789 4098 803 4147 4
814 4096 833 4160 p
845 4098 856 4144 t
868 4097 884 4147 (ῑ
898 4094 924 4155 G,
946 4096 1013 4159 eoos.
1032 4096 1064 4148 0·
1072 4107 1134 4159 444.
1143 4099 1198 4148 444
1209 4095 1257 4158 444.
