2902 4830
174 297 210 346 111
229 295 355 361 §si-si
559 328 644 339 --
689 294 749 356 120
794 327 879 338 ....

175 487 244 566 ipso
268 487 337 547 iure
361 485 455 547 debet
477 492 530 546 aul
552 485 627 564 ipsis
650 483 806 585 debentur,
835 480 901 566 l-
920 482 959 544 de
988 482 1136 545 omnibus
1164 482 1264 546 rebus

760 624 762 652 ,
1076 570 1108 630 in
1120 589 1264 650 sequen-

175 658 200 719 ti
224 658 446 719 commentario
469 653 702 738 prolponemus.
730 653 740 740 b

112 749 152 810 82
262 746 344 805 Sunt
370 751 476 804 autem
507 743 601 803 etiam
628 742 760 804 alterius
784 743 910 823 generis
933 743 1151 804 successiones
1176 757 1353 822 quaepgrn

176 848 282 910 neque
313 829 380 908 lege
402 830 446 889 iu
468 828 651 890 tabularum
680 847 787 909 neque
809 829 966 908 praetoris
989 828 1110 906 edicto,
1144 827 1298 890 sedeas

113 921 151 980 83
176 916 246 977 iure
270 911 378 998 (quod)
402 934 557 976 consensu
584 922 747 994 receptum
771 923 832 992 est,
858 913 1058 976 introductae
1081 923 1167 976 sunt.
1206 915 1267 974 Et-

177 1002 260 1062 enim
283 1020 355 1061 cum
377 1010 468 1081 pater
491 1000 627 1062 familias
650 1019 684 1061 se
708 1000 741 1060 in
765 999 965 1081 adoptionem
983 1000 1077 1078 dedic,
1106 1000 1266 1063 mulierue

176 1088 210 1148 in
233 1106 362 1148 manum
385 1087 543 1166 conuenit,
571 1104 679 1147 omnes
703 1087 772 1148 eius
795 1106 847 1148 res
869 1087 1086 1167 incorporales
1102 1095 1134 1146 et
1150 1104 1266 1164 corpo-

176 1173 260 1235 rales
283 1192 432 1253 quaeque
456 1173 486 1234 ei
510 1171 631 1234 debitae
655 1180 739 1250 sunt,
766 1173 850 1252 patri
873 1171 1024 1252 adoptiuo
1048 1174 1266 1252 coemptiona-

176 1261 278 1320 toriue
302 1258 528 1339 adquiruntur,
555 1258 699 1338 exceptis
720 1259 769 1319 his
793 1277 875 1338 quaa
898 1277 956 1337 per
978 1259 1091 1338 capitis
1113 1258 1266 1320 daminu—
1285 1275 1313 1318 44

177 1346 296 1407 tionem
311 1355 457 1425 pereunt,
478 1346 589 1426 quales
605 1353 681 1405 sunt
695 1344 908 1422 ususfructus,
928 1363 1097 1425 operarum
1111 1344 1264 1422 obligatio

178 1431 389 1493 libertinorum
418 1451 500 1513 quae
530 1449 589 1511 per
616 1429 839 1492 iusiurandum
862 1438 1020 1493 contracta
1044 1439 1108 1507 est,
1143 1438 1175 1490 et
1197 1431 1265 1492 lites

114 1524 152 1582 84
178 1525 359 1581 contestatae
388 1518 528 1598 legitimo
559 1516 685 1578 iudicio.
733 1518 781 1577 Ex
809 1515 937 1577 diuerso
967 1516 1052 1598 quod
1081 1518 1108 1577 is
1139 1515 1262 1594 debuit,

177 1606 231 1685 qui
257 1623 290 1665 se
319 1606 351 1664 in
381 1602 581 1683 adoptionem
612 1601 701 1663 dedit
731 1621 854 1683 quaeue
881 1603 915 1662 in
945 1620 1072 1664 manunt
1102 1604 1261 1680 conuenit,

177 1709 238 1750 non
259 1688 374 1750 transit
397 1688 437 1751 ad
461 1687 757 1767 coemptionatorem
781 1696 835 1750 aut
857 1686 898 1748 ad
920 1698 1045 1768 patrem
1060 1687 1262 1767 adoptiuum,
1286 1704 1313 1748 rs

177 1777 241 1837 nisi
267 1777 296 1837 si
323 1774 552 1837 hereditarium
581 1793 635 1836 aes
666 1774 806 1836 alienum
833 1773 935 1835 fucrit.
984 1781 1055 1836 tunc
1078 1776 1165 1835 enirn
1188 1772 1267 1855 quia

180 1863 248 1941 ipse
278 1869 370 1940 pater
399 1860 571 1941 adoptiuus
593 1867 649 1922 aut
672 1861 919 1940 coemptionator
940 1861 1033 1922 heres
1057 1860 1108 1939 fit,
1144 1859 1266 1922 directo

177 1954 306 2008 tenetur
328 1947 417 2023 iure,
455 1949 481 2008 is
503 1966 576 2007 uero
599 1947 653 2027 qui
673 1965 707 2007 se
731 1945 946 2027 adoptandum
970 1946 1059 2008 dedit
1082 1965 1208 2026 quaeue
1232 1946 1265 2006 in

178 2051 307 2093 manum
338 2033 505 2112 conuenit,
539 2031 657 2093 desinit
687 2051 755 2093 esse
784 2034 888 2094 heres.
936 2032 976 2094 de
1004 2052 1039 2093 eo
1068 2051 1146 2094 uero
1180 2030 1266 2111 quod

178 2118 306 2198 proprio
329 2119 456 2179 nornine
479 2137 533 2181 eae
555 2136 709 2199 personae
733 2116 918 2196 debuerint,
946 2118 1020 2179 licet
1043 2137 1151 2199 neque
1174 2126 1267 2198 pater
1284 2133 1313 2178 m

180 2202 351 2284 adoptiuus
373 2212 521 2266 teneatur
543 2223 648 2284 neque
669 2205 927 2285 coemptionator,
953 2212 982 2266 et
995 2223 1032 2265 ne
1048 2206 1117 2285 ipse
1134 2203 1266 2284 quidem

179 2289 236 2370 qui
266 2309 299 2352 se
329 2291 361 2350 in
389 2290 591 2372 adoptionem
622 2289 709 2351 dedit
736 2309 851 2371 quaeue
880 2291 913 2350 in
942 2310 1072 2352 manum
1102 2288 1263 2367 conuenit,

179 2386 305 2438 maneat
336 2377 495 2458 obligatus
526 2377 716 2456 obligataue,
751 2373 826 2457 quia
854 2377 974 2438 scilicet
994 2397 1052 2456 per
1074 2377 1188 2456 capitis
1212 2375 1267 2437 de-

179 2494 1247 2511 mmmmmmtvmvwwwwwvwwvvwvvmmvmlvvxmvwmmnmvm

249 2528 303 2594 §st
325 2533 486 2592 insequenti
504 2529 696 2592 commentario]
713 2532 726 2577 4
746 2528 812 2594 §³¹⁴-
826 2534 857 2579 st
877 2530 888 2593 ll
907 2528 965 2594 §82
985 2529 1040 2580 lere
1059 2551 1090 2574 =
1110 2531 1177 2582 lust.
1194 2535 1219 2592 3,
1236 2533 1265 2578 44

179 2613 219 2664 pr.
240 2598 251 2662 ll
269 2597 326 2663 §83
347 2613 433 2663 usque
452 2599 487 2649 ad
502 2604 528 2648 44
552 2598 736 2650 sanifera:
755 2600 819 2650 lust.
836 2603 860 2659 3,
878 2603 945 2661 lli,l
968 2598 1052 2664 11584
1073 2599 1215 2663 usquead
1236 2599 1266 2647 44

179 2669 247 2717 dedit
264 2667 320 2718 lere
340 2689 372 2712 =
391 2670 455 2718 last.
471 2674 495 2728 3,
512 2672 552 2728 44,
568 2673 591 2719 3.

250 2810 314 2853 4-4
337 2805 431 2855 Gaium
448 2807 511 2854 baec
527 2805 583 2867 fere
595 2808 729 2866 scripsisse
741 2808 832 2856 conicit
844 2806 976 2856 Huscblre:
996 2811 1021 2856 el
1032 2806 1100 2856 ideo
1114 2805 1154 2855 de
1167 2804 1266 2856 omni·

180 2874 241 2924 bus
257 2874 353 2924 rebus
371 2873 483 2922 utilibus
501 2875 653 2924 actionibus
671 2876 698 2922 ot
715 2875 892 2937 experiuntur
916 2877 943 2924 et
966 2876 1177 2935 conueniuutur,
1200 2886 1267 2937 quas

179 2942 210 2991 in
231 2942 306 3001 (banc
325 2945 544 3003 praepositionem
568 2956 616 2994 om.
635 2943 763 3004 4444444444)
783 2943 929 3003 sequenti
947 2946 999 2992 etc.
1020 2943 1030 3006 {l
1049 2946 1061 2992 4
1083 2944 1166 2994 etiarn
1187 2942 1217 3001 C,
1240 2944 1267 2990 et

181 3010 243 3059 lnst.
262 3009 272 3072 ΙΙ
292 3014 306 3057 6
326 3009 400 3073 quod
420 3010 491 3072 inst,
512 3024 561 3060 om.
579 3011 598 3061 C
617 3011 694 3073 (cons.
714 3011 746 3062 0²
760 3024 823 3075 pap.
837 3012 898 3072 iii)
918 3011 928 3075 ΙΙ
947 3025 1084 3062 consensu
1103 3013 1178 3074 inst,
1200 3024 1267 3060 con-

180 3090 260 3128 cessu
282 3078 302 3130 C
319 3077 330 3140 ΙΙ
348 3077 462 3138 etenilm)
484 3077 511 3138 C,
531 3092 595 3129 ecce
615 3081 688 3129 enim
703 3081 764 3130 lnst.
785 3081 906 3143 (sortasse
923 3081 1001 3140 recle)
1021 3081 1065 3144 117
1086 3093 1114 3131 se
1133 3082 1161 3130 in
1180 3079 1267 3144 adop-

180 3149 282 3197 tionem
301 3147 388 3210 deldit)
412 3147 438 3208 G,
460 3159 520 3196 sese
538 3148 565 3196 in
584 3149 787 3210 adrogationem
805 3149 853 3199 dat
864 3151 926 3200 lnst.
944 3148 956 3213 ΙΙ
973 3151 1107 3199 mulierue
1127 3148 1264 3212 Boeclcinp,

180 3216 331 3281 mulierque
351 3215 395 3278 Cn,
420 3216 486 3278 conf.
510 3216 542 3266 0³
556 3229 620 3279 pap.
634 3222 685 3269 444
697 3217 744 3279 ins.
767 3217 779 3281 ll
803 3221 816 3266 8
837 3219 895 3268 eius
913 3232 958 3268 res
979 3218 1007 3281 G,
1034 3231 1078 3269 res
1097 3219 1156 3268 eius
1175 3219 1238 3268 lost.
1259 3213 1261 3282 l

180 3286 365 3351 incorporales
378 3286 404 3335 et
416 3285 572 3348 corporales
587 3285 614 3344 C,
635 3286 790 3350 corporales
809 3290 835 3336 et
847 3288 1033 3351 incorporales
1046 3288 1109 3338 lnst.
1130 3287 1141 3349 b
1163 3290 1177 3336 9
1198 3287 1266 3350 patri

182 3354 310 3420 adoptiuo
332 3354 361 3413 C,
381 3354 535 3416 adrogatori
556 3355 617 3404 inst.
644 3352 655 3416 ΙΙ
679 3357 779 3403 44-43
799 3355 860 3405 lites
879 3359 1045 3407 contestatae
1063 3357 1194 3418 suppleuit
1213 3357 1266 3405 4444-

181 3426 251 3487 dorff
259 3427 286 3474 in
301 3424 559 3474 commentationibus
571 3422 725 3473 Academiae
737 3425 912 3474 berolinensis
925 3439 951 3476 a.
966 3430 1031 3476 4445
1047 3439 1111 3488 pap.
1124 3429 1176 3475 444
1189 3437 1265 3486 sequ,

181 3496 300 3554 quamuis
322 3494 356 3543 lis
379 3494 528 3543 contestata
549 3494 635 3553 patius
659 3497 793 3553 especiem
817 3493 883 3555 conf.
908 3497 986 3544 eliam
1010 3493 1051 3543 0³⁸
1075 3493 1085 3555 ΙΙ
1109 3498 1140 3542 43
1164 3492 1266 3542 iudicio

184 3561 321 3624 (44444444,
342 3563 465 3613 iudiciu‘i
480 3560 499 3610 C
515 3560 526 3622 b
545 3574 578 3610 ex
593 3560 620 3623 C,
642 3561 690 3610 sed
708 3576 741 3611 ex
752 3563 814 3612 lnsl.
832 3561 843 3625 ΙΙ
862 3565 962 3610 43-44
976 3564 1123 3625 suppletam
1135 3575 1169 3612 444
1183 3562 1245 3611 lnst.
1257 3557 1267 3626 b

182 3633 213 3678 ll
232 3630 345 3694 quaeue]
365 3645 487 3695 quaeque
503 3629 545 3689 Cn,
566 3630 632 3692 conf.
656 3628 688 3679 0³
702 3643 765 3694 pap.
778 3636 829 3684 244
843 3632 890 3694 ins.
911 3631 922 3694 ΙΙ
940 3645 1024 3681 manu
1044 3630 1064 3681 C
1081 3631 1092 3694 b
1111 3634 1142 3679 48
1162 3642 1266 3694 quaeue

181 3699 340 3760 Lachmann,
355 3714 462 3764 queque
478 3698 504 3761 C,
519 3699 585 3761 cons.
603 3698 634 3748 0³
649 3711 712 3762 pap.
726 3699 859 3762 49444411
880 3704 910 3748 49
924 3700 1011 3763 heres]
1027 3700 1142 3749 heredes
1157 3698 1184 3759 0,
1200 3698 1265 3760 cons.

182 3766 215 3816 0⁸
224 3780 287 3830 pap.
301 3771 352 3820 274
364 3769 375 3831 ΙΙ
388 3773 419 3817 44
440 3782 488 3818 eae
504 3768 641 3830 Goescben‚
663 3782 694 3818 ea
710 3767 729 3818 C
745 3768 756 3832 ll
775 3772 803 3815 il
827 3772 854 3816 et
872 3782 906 3818 ne
921 3771 1003 3830 paulo
1017 3769 1179 3830 probabilius
1191 3780 1268 3829 quam

181 3849 270 3899 neque
290 3838 338 3897 (sic
358 3837 495 3899 Goesclien)
522 3838 627 3887 uidetur
644 3839 758 3899 suppleri
773 3850 849 3898 posse
871 3836 883 3899 b
907 3842 939 3886 84
958 3839 986 3887 in
1004 3837 1179 3902 adoptionem
1202 3836 1267 3886 Goe-

182 3905 267 3964 seben,
296 3905 544 3971 ademinoptionem
564 3905 610 3968 Cll
627 3907 742 3970 quaeue]
761 3909 790 3956 in
816 3905 835 3955 C
856 3906 937 3968 fuerit
961 3903 1094 3973 quelques
1119 3907 1161 3955 uel
1185 3907 1267 3955 simile

182 3973 287 4033 aliquid,
308 3974 374 4036 cons.
391 3975 422 4024 ca
434 3977 458 4027 l.
473 3977 489 4028 4.
505 3981 529 4025 44
538 3988 599 4038 pap.
611 3981 661 4029 290
674 3976 721 4038 inf.
742 3975 753 4037 ll
771 3978 803 4024 is
823 3974 975 4038 obligataue
991 3975 1129 4036 Goescben,
1151 3974 1265 4037 obligata

182 4055 216 4091 ea
229 4041 374 4104 obligatam
392 4049 536 4094 correctum
551 4043 570 4093 C
586 4043 597 4105 ΙΙ
615 4045 719 4094 scilicet
734 4045 872 4106 Goesclien,
894 4046 976 4095 scetsi
997 4046 1022 4108 (i.
1038 4057 1059 4095 4.
1072 4044 1178 4094 scilicet
1197 4043 1267 4106 si?)i

185 4108 228 4174 0¹1,
249 4110 316 4172 cons.
339 4108 369 4158 0²
384 4123 446 4174 pap.
460 4117 519 4165 502.
