2902 4830
244 261 470 327 weitos-uo
626 294 713 304 ...-
757 258 818 324 198
862 294 948 305 ..-

245 471 304 513 nec
332 451 366 512 ui
394 469 453 511 nec
482 449 561 510 clam
591 467 649 509 nec
676 449 817 529 precario
848 446 1032 529 possederit.
1079 467 1150 511 cum
1174 447 1274 511 iudex
1296 448 1329 511 id

246 535 474 618 explorauerit,
501 543 534 596 et
555 534 634 596 forte
656 533 832 596 secundum
855 554 905 596 me
929 533 1103 596 iudicatum
1126 537 1183 616 sit,
1210 534 1330 598 aduer-

245 625 365 685 sarium
394 621 472 682 mihi
502 628 534 682 et
556 619 735 701 sponsionis
758 629 791 686 et
813 621 1063 701 restipulationis
1084 640 1225 683 summas
1247 640 1329 702 quas

245 728 318 772 cum
341 726 376 769 eo
399 707 471 785 leci,
496 704 695 785 condemnat,
721 714 752 767 ot
774 709 1002 768 conuenienter
1022 725 1073 767 me
1096 709 1275 788 sponsionis
1298 717 1331 768 et

244 793 513 875 restipulationis,
540 811 623 873 quae
645 811 770 853 mecum
792 792 893 854 iactae
916 800 1004 869 sunt,
1031 791 1179 856 absoluit.
1215 803 1248 855 et
1270 794 1363 855 hocs

246 881 382 961 amplius
404 879 430 940 si
453 876 539 959 apud
562 877 781 940 aduersarium
803 896 910 940 meum
932 879 1090 958 possessio
1113 887 1172 958 est,
1202 880 1280 960 quio
1301 881 1329 941 is

245 966 368 1028 fructus
393 964 565 1026 licitatione
593 964 689 1042 uicit,
721 965 784 1026 nisi
814 965 960 1026 restituat
982 965 1059 1025 mihi
1081 967 1326 1045 possessionem,

160 1053 222 1116 167
246 1051 438 1115 Cascelliano
461 1047 744 1134 414411444414414
767 1048 886 1112 iudicio
909 1049 1147 1114 condemnatur.
1195 1053 1278 1133 Ergo
1302 1053 1329 1113 14
1338 1062 1427 1125 pgets

246 1139 302 1219 qui
324 1137 447 1199 fructus
469 1137 639 1198 licitatione
662 1137 750 1215 uicit,
779 1137 807 1197 si
829 1154 893 1197 non
914 1135 1027 1215 probat
1048 1136 1090 1199 ad
1112 1140 1330 1218 sepertinere

243 1225 495 1306 possessionem,
529 1223 707 1304 sponsionis
734 1230 766 1283 et
789 1222 1038 1302 restipulationis
1061 1231 1093 1285 et
1115 1222 1237 1286 iructus
1258 1225 1332 1285 lici·
1350 1236 1380 1281 44

199 1380 201 1385 ,
245 1311 373 1373 tationis
395 1327 548 1372 summam
571 1327 693 1389 poenae
715 1310 843 1370 nomine
866 1308 991 1371 soluere
1015 1318 1047 1372 et
1068 1317 1234 1389 praeterea
1255 1329 1332 1391 pos-

243 1398 415 1460 sessionem
443 1396 610 1458 restituere
632 1393 776 1471 iubetur;
810 1403 843 1456 41
864 1394 923 1456 1444
945 1395 1083 1476 amplius
1105 1394 1228 1458 iructus
1251 1415 1332 1476 quos

244 1484 366 1544 interea
394 1482 555 1562 percepit,
588 1479 704 1543 reddit.
742 1499 865 1543 summa
896 1481 981 1542 enim
1002 1481 1125 1544 fructus
1147 1482 1332 1544 licitationis

244 1588 308 1631 non
336 1568 477 1648 pretium
504 1575 552 1629 est
581 1567 757 1644 fructuum,
790 1565 848 1629 sed
874 1584 995 1646 poenae
1023 1568 1149 1630 nomine
1180 1570 1329 1646 soluitur,

245 1654 331 1735 quod
361 1655 434 1734 quis
460 1654 594 1715 alienam
622 1655 855 1734 possessionem
882 1671 942 1733 per
963 1654 1021 1715 hoc
1041 1662 1168 1735 tempus
1190 1655 1332 1717 retinere
1351 1665 1381 1711 ts

162 1742 222 1802 168
246 1750 278 1802 41
300 1740 481 1802 facultatem
505 1737 634 1800 fruendi
657 1739 795 1801 nancisci
818 1747 949 1802 conatus
971 1747 1030 1802 est.
1069 1740 1126 1801 Ille
1149 1749 1256 1802 autem
1275 1741 1332 1820 qui

245 1827 370 1889 fruetus
392 1825 565 1886 licitatione
581 1825 687 1886 uictus
709 1833 767 1904 est,
794 1825 820 1886 si
843 1843 907 1886 non
929 1824 1114 1906 probauerit
1134 1825 1175 1888 ad
1198 1845 1233 1888 se
1256 1845 1333 1907 per-

247 1912 351 1975 tinere
381 1911 628 1991 possessionem,
662 1919 786 1972 tantum
816 1912 996 1990 sponsionis
1026 1921 1058 1973 et
1080 1913 1333 1993 restipulationis

163 1998 223 2059 169
247 2015 403 2060 summam
425 2014 545 2075 poenae
568 1997 696 2057 nomine
719 1994 828 2058 debet.
866 1994 1066 2059 Admonendi
1089 2007 1198 2060 tamen
1221 2017 1334 2061 sumus

243 2082 382 2146 liberum
410 2101 480 2143 esse
503 2081 533 2142 ei
557 2083 612 2160 qui
635 2082 757 2144 fructus
779 2082 951 2144 licitatione
974 2084 1080 2146 uictus
1103 2085 1181 2162 erit,
1214 2087 1332 2147 omissa
1350 2099 1381 2144 ao

244 2169 419 2231 fructuaria
441 2168 661 2249 stipulatione,
688 2168 771 2230 sicut
793 2169 985 2232 Cascelliano
1007 2171 1076 2231 siue
1099 2171 1256 2232 secutorio
1280 2172 1334 2232 iu-

244 2255 325 2318 dicio
348 2252 389 2317 de
412 2255 605 2335 possessione
627 2253 838 2335 reciperando
860 2257 1033 2335 experitur,
1060 2257 1104 2318 ita
1127 2257 1268 2319 similiter
1291 2257 1332 2320 de

244 2341 368 2404 fructus
391 2340 563 2402 licitatione
586 2359 691 2421 agere.
725 2341 759 2402 in
782 2359 877 2421 quam
900 2360 966 2402 rem
989 2343 1154 2422 proprium
1177 2342 1333 2406 iudicium

245 2435 450 2508 conparatum
480 2434 528 2489 est
557 2425 643 2506 quod
665 2428 844 2507 appellatur
865 2425 1091 2508 fructuarium,
1119 2447 1180 2507 quo
1202 2431 1332 2490 nomine

245 2522 331 2576 actor
360 2512 535 2576 iudicatum
564 2511 645 2576 solui
675 2513 752 2576 satis
783 2513 906 2593 accipit.
945 2513 1064 2575 dicitur
1091 2523 1197 2576 autem
1219 2524 1252 2577 et
1274 2517 1334 2578 hoc
1353 2530 1384 2574 44

245 2597 399 2663 iudicium
422 2599 632 2678 secutorium,
667 2597 753 2679 quod
776 2600 922 2678 sequitur
945 2601 1124 2680 sponsionis
1145 2602 1331 2679 uictoriam3

162 2684 221 2746 170
246 2685 303 2749 sed
332 2704 396 2747 non
427 2703 528 2765 aeque
552 2685 781 2748 Cascellianum
811 2693 954 2746 uocatur.
1002 2685 1065 2748 Sed
1088 2687 1164 2767 quia
1186 2689 1335 2749 nonnulli

247 2770 416 2833 interdicto
439 2770 563 2833 reddito
586 2779 690 2832 cetera
712 2790 752 2831 ex
773 2769 942 2832 interdicto
964 2771 1068 2834 lacere
1091 2771 1253 2853 nolebant,
1285 2785 1336 2836 at-

249 2876 312 2938 que
335 2856 375 2918 ob
398 2855 431 2918 id
453 2875 517 2918 non
539 2865 661 2937 poterat
683 2875 735 2918 res
758 2855 917 2935 expediri,
944 2866 1071 2937 praetor
1086 2854 1099 2940 11
1115 2859 1147 2919 14
1171 2877 1240 2920 eam
1263 2879 1333 2922 rem
1344 2870 1430 2936 pgate

246 2943 411 3025 prospexit
440 2952 472 3005 ot
493 2943 678 3024 conparauit
707 2941 875 3004 interdieta
906 2962 987 3022 quae
1010 2943 1198 3006 secundaria
1221 2946 1338 3026 appel·
1356 2959 1386 3005 ao

247 3031 367 3108 lamus,
400 3026 485 3107 quod
514 3027 653 3090 secundo
675 3028 742 3090 loco
764 3027 955 3091 redduntur.
1002 3048 1136 3108 quorum
1157 3032 1206 3092 uis
1229 3039 1258 3093 et
1277 3051 1337 3113 po-

248 3123 338 3178 testas
367 3116 444 3176 haec
475 3122 540 3194 est,
573 3123 609 3176 ut
636 3115 693 3194 qui
724 3123 830 3177 cetera
859 3134 900 3176 ex
931 3114 1099 3177 interdicto
1129 3135 1191 3177 non
1221 3116 1331 3198 faciat,

246 3202 350 3264 ueluti
372 3203 428 3281 qui
451 3201 517 3263 uim
540 3218 603 3260 non
627 3199 719 3263 faciat
741 3208 796 3262 aut
818 3200 939 3262 fructus
962 3220 1025 3262 non
1049 3203 1184 3263 licentur
1205 3211 1262 3265 aut
1278 3206 1336 3284 qui

247 3288 370 3351 fructus
402 3286 586 3362 licitationis
616 3287 692 3348 satis
721 3305 783 3346 non
819 3285 870 3347 det
903 3297 957 3351 aut
991 3287 1018 3348 si
1052 3291 1235 3368 sponsiones
1271 3309 1337 3352 non

317 3463 327 3507 4
356 3457 509 3523 possederit
533 3457 677 3518 (1444441444,
703 3456 856 3522 possideret
880 3457 914 3509 0¹¹
937 3456 948 3519 11
971 3460 984 3506 t
1010 3459 1164 3522 sponsionis
1191 3459 1335 3521 Goesclten,

247 3528 407 3593 sponsiones
424 3527 443 3579 C
458 3526 469 3591 11
487 3530 501 3574 6
520 3526 583 3589 quia
599 3525 736 3588 6444414444,
757 3539 839 3589 quarn
854 3525 897 3586 Cn,
917 3526 984 3589 44441.
1002 3526 1033 3577 0⁸
1047 3540 1110 3591 pop.
1124 3531 1177 3579 295
1193 3542 1266 3580 uere.
1282 3529 1339 3597 4311

248 3599 276 3645 41
305 3610 441 3647 summam
468 3595 496 3658 C,
523 3607 645 3645 summas
667 3595 785 3645 Huschke
809 3595 820 3658 11
844 3598 945 3644 11-14
968 3596 1178 3660 possessionem]
1205 3599 1274 3661 44441.
1304 3598 1338 3650 Cl

244 3676 308 3728 pop.
321 3670 372 3718 114
385 3665 434 3728 ias.
454 3670 479 3715 et
493 3677 554 3728 poe.
567 3664 619 3716 287
635 3667 754 3715 4444411
771 3660 782 3730 11
800 3667 830 3712 ts
849 3665 930 3714 uerbo
947 3665 1006 3714 144414
1024 3666 1057 3714 oo
1073 3678 1142 3729 quos
1158 3679 1241 3727 usque
1253 3670 1289 3718 441
1304 3671 1336 3718 13

247 3730 352 3784 fructus
374 3736 403 3784 144
424 3733 458 3785 0¹¹
480 3746 529 3796 per
553 3745 670 3783 errorem
693 3733 731 3782 614
753 3737 934 3795 scriptosect
956 3733 967 3796 11
992 3737 1023 3783 tt
1047 3734 1164 3784 alienam
1190 3734 1336 3801 1144441444,

247 3800 401 3851 4144444444
423 3802 467 3862 0¹¹,
488 3801 556 3864 44441.
576 3800 609 3851 Ge
624 3814 684 3865 poe.
697 3806 748 3855 280
765 3800 777 3864 11
795 3805 827 3850 46
846 3803 968 3852 nancisci
988 3802 1126 3862 6144441444,
1147 3805 1340 3874 444444441011

248 3872 280 3917 44
300 3870 477 3934 reciperando
496 3871 621 3933 Hollwep,
646 3870 840 3935 reciperandae
862 3871 882 3922 C
898 3871 910 3934 11
926 3875 959 3920 st
978 3871 1232 3936 44414113444141449,
1260 3877 1340 3926 acci-

246 3938 338 4002 piatur
359 3937 402 3999 04,
423 3939 489 4002 coos.
514 3939 545 3990 0³
559 3952 623 4002 pop.
637 3940 689 3989 506
711 3939 721 4002 11
744 3942 845 3989 11-34
864 3952 971 4002 quorun
989 3939 1038 4002 b(is
1056 3943 1083 3990 41
1105 3942 1232 4006 1441441144
1255 3944 1342 4006 suerit

246 4009 274 4057 144
290 4007 318 4069 C,
338 4006 541 4071 4441044134
562 4007 649 4070 iaciat]
670 4007 733 4058 lacit
753 4007 773 4058 C
789 4008 799 4071 11
819 4013 849 4058 33
869 4007 993 4071 licentur]
1015 4009 1113 4059 licetur
1133 4009 1250 4074 001131
1270 4017 1342 4066 satis

247 4089 303 4194 pon
321 4076 368 4126 det
386 4076 513 4138 Kroeper,
534 4079 591 4127 sata
610 4090 664 4126 non
683 4077 749 4128 (1411
770 4077 804 4129 0¹¹
822 4078 833 4141 11
851 4079 1011 4141 sponsiones
1031 4078 1157 4142 Krueper,
1177 4083 1343 4144 sponsioni-

266 4158 299 4197 us
320 4145 363 4198 ΟΠ.
