<?xml version="1.0" encoding="UTF-8"?>
<!DOCTYPE html PUBLIC "-//W3C//DTD XHTML 1.0 Transitional//EN"
    "http://www.w3.org/TR/xhtml1/DTD/xhtml1-transitional.dtd">
<html xmlns="http://www.w3.org/1999/xhtml" xml:lang="en" lang="en">
 <head>
  <title>
</title>
<meta http-equiv="Content-Type" content="text/html;charset=utf-8" />
  <meta name='ocr-system' content='tesseract 3.04.00' />
  <meta name='ocr-capabilities' content='ocr_page ocr_carea ocr_par ocr_line ocrx_word'/>
</head>
<body>
  <div class='ocr_page' id='page_1' title='image "./gaiinstitutione00krgoog_0141.png"; bbox 0 0 2902 4830; ppageno 0'>
   <div class='ocr_carea' id='block_1_1' title="bbox 178 297 881 364">
    <p class='ocr_par' dir='ltr' id='par_1_1' title="bbox 178 297 881 364">
     <span class='ocr_line' id='line_1_1' title="bbox 178 297 881 364; baseline -0.006 -15"><span class='ocrx_word' id='word_1_1' title='bbox 178 297 395 364; x_wconf 77' lang='grc'><strong>4444444-444</strong></span> <span class='ocrx_word' id='word_1_2' title='bbox 558 333 645 345; x_wconf 91' lang='grc'>-</span> <span class='ocrx_word' id='word_1_3' title='bbox 691 300 751 362; x_wconf 86' lang='grc'><strong>134</strong></span> <span class='ocrx_word' id='word_1_4' title='bbox 795 335 881 345; x_wconf 80' lang='grc'>-</span> 
     </span>
    </p>
   </div>
   <div class='ocr_carea' id='block_1_2' title="bbox 94 487 1357 2373">
    <p class='ocr_par' dir='ltr' id='par_1_2' title="bbox 178 487 1264 652">
     <span class='ocr_line' id='line_1_2' title="bbox 178 487 1264 568; baseline 0 -20"><span class='ocrx_word' id='word_1_5' title='bbox 178 489 239 550; x_wconf 90' lang='lat' dir='ltr'>leia</span> <span class='ocrx_word' id='word_1_6' title='bbox 262 507 324 548; x_wconf 93' lang='lat' dir='ltr'><strong>non</strong></span> <span class='ocrx_word' id='word_1_7' title='bbox 346 489 494 568; x_wconf 75' lang='lat' dir='ltr'>pertinet.</span> <span class='ocrx_word' id='word_1_8' title='bbox 536 489 643 568; x_wconf 90' lang='lat' dir='ltr'>itaque</span> <span class='ocrx_word' id='word_1_9' title='bbox 670 490 697 550; x_wconf 92' lang='lat' dir='ltr'>si</span> <span class='ocrx_word' id='word_1_10' title='bbox 724 487 861 550; x_wconf 80' lang='lat' dir='ltr'><strong>creditor</strong></span> <span class='ocrx_word' id='word_1_11' title='bbox 883 487 924 549; x_wconf 89' lang='lat' dir='ltr'>ab</span> <span class='ocrx_word' id='word_1_12' title='bbox 945 507 1009 549; x_wconf 91' lang='lat' dir='ltr'>uno</span> <span class='ocrx_word' id='word_1_13' title='bbox 1032 496 1132 549; x_wconf 92' lang='lat' dir='ltr'>totum</span> <span class='ocrx_word' id='word_1_14' title='bbox 1154 506 1264 549; x_wconf 88' lang='lat' dir='ltr'>couse-</span> 
     </span>
     <span class='ocr_line' id='line_1_3' title="bbox 178 573 1264 652; baseline 0.001 -18"><span class='ocrx_word' id='word_1_15' title='bbox 178 584 269 636; x_wconf 89' lang='lat' dir='ltr'>cutus</span> <span class='ocrx_word' id='word_1_16' title='bbox 297 573 407 652; x_wconf 84' lang='lat' dir='ltr'>luerit,</span> <span class='ocrx_word' id='word_1_17' title='bbox 440 575 536 636; x_wconf 90' lang='lat' dir='ltr'>huius</span> <span class='ocrx_word' id='word_1_18' title='bbox 564 576 661 637; x_wconf 86' lang='lat' dir='ltr'>solius</span> <span class='ocrx_word' id='word_1_19' title='bbox 689 573 915 637; x_wconf 77' lang='lat' dir='ltr'>detrimentum</span> <span class='ocrx_word' id='word_1_20' title='bbox 940 575 1014 650; x_wconf 83' lang='lat' dir='ltr'>erit,</span> <span class='ocrx_word' id='word_1_21' title='bbox 1041 575 1162 636; x_wconf 90' lang='lat' dir='ltr'>scilicet</span> <span class='ocrx_word' id='word_1_22' title='bbox 1185 575 1213 634; x_wconf 93' lang='lat' dir='ltr'>si</span> <span class='ocrx_word' id='word_1_23' title='bbox 1236 575 1264 635; x_wconf 89' lang='lat' dir='ltr'>is</span> 
     </span>
    </p>

    <p class='ocr_par' dir='ltr' id='par_1_3' title="bbox 175 657 1357 912">
     <span class='ocr_line' id='line_1_4' title="bbox 175 657 1357 742; baseline -0.005 -21"><span class='ocrx_word' id='word_1_24' title='bbox 175 679 232 740; x_wconf 89' lang='lat' dir='ltr'>pro</span> <span class='ocrx_word' id='word_1_25' title='bbox 248 679 310 739; x_wconf 91' lang='lat' dir='ltr'>quo</span> <span class='ocrx_word' id='word_1_26' title='bbox 325 658 493 738; x_wconf 87' lang='lat' dir='ltr'>fideiussit,</span> <span class='ocrx_word' id='word_1_27' title='bbox 520 659 672 722; x_wconf 89' lang='lat' dir='ltr'>soluendo</span> <span class='ocrx_word' id='word_1_28' title='bbox 688 661 819 722; x_wconf 92' lang='lat' dir='ltr'>nonsit.</span> <span class='ocrx_word' id='word_1_29' title='bbox 852 659 906 721; x_wconf 88' lang='lat' dir='ltr'><strong>sed</strong></span> <span class='ocrx_word' id='word_1_30' title='bbox 920 667 955 720; x_wconf 92' lang='lat' dir='ltr'><strong>ut</strong></span> <span class='ocrx_word' id='word_1_31' title='bbox 968 678 1010 720; x_wconf 76' lang='grc'><strong>404</strong></span> <span class='ocrx_word' id='word_1_32' title='bbox 1026 657 1039 742; x_wconf 91' lang='grc'><strong>44</strong></span> <span class='ocrx_word' id='word_1_33' title='bbox 1055 679 1152 740; x_wconf 91' lang='lat' dir='ltr'>supra</span> <span class='ocrx_word' id='word_1_34' title='bbox 1169 657 1263 720; x_wconf 79' lang='lat' dir='ltr'>dictis</span> <span class='ocrx_word' id='word_1_35' title='bbox 1274 657 1357 716; x_wconf 78' lang='grc'><strong>44464</strong></span> 
     </span>
     <span class='ocr_line' id='line_1_5' title="bbox 176 744 1265 826; baseline -0.001 -20"><span class='ocrx_word' id='word_1_36' title='bbox 176 754 320 825; x_wconf 88' lang='lat' dir='ltr'>apparet,</span> <span class='ocrx_word' id='word_1_37' title='bbox 347 747 374 807; x_wconf 83' lang='lat' dir='ltr'>is</span> <span class='ocrx_word' id='word_1_38' title='bbox 396 765 414 808; x_wconf 87' lang='lat' dir='ltr'>a</span> <span class='ocrx_word' id='word_1_39' title='bbox 438 764 500 825; x_wconf 89' lang='lat' dir='ltr'>quo</span> <span class='ocrx_word' id='word_1_40' title='bbox 524 745 662 808; x_wconf 81' lang='lat' dir='ltr'>creditor</span> <span class='ocrx_word' id='word_1_41' title='bbox 684 755 784 808; x_wconf 91' lang='lat' dir='ltr'>totum</span> <span class='ocrx_word' id='word_1_42' title='bbox 807 744 897 825; x_wconf 92' lang='lat' dir='ltr'>petit,</span> <span class='ocrx_word' id='word_1_43' title='bbox 924 746 1041 825; x_wconf 92' lang='lat' dir='ltr'>poterit</span> <span class='ocrx_word' id='word_1_44' title='bbox 1062 765 1102 806; x_wconf 84' lang='lat' dir='ltr'><strong>ex</strong></span> <span class='ocrx_word' id='word_1_45' title='bbox 1124 745 1265 826; x_wconf 82' lang='lat' dir='ltr'>epistula</span> 
     </span>
     <span class='ocr_line' id='line_1_6' title="bbox 178 830 1296 912; baseline -0.001 -21"><span class='ocrx_word' id='word_1_46' title='bbox 178 830 246 891; x_wconf 91' lang='lat' dir='ltr'>diui</span> <span class='ocrx_word' id='word_1_47' title='bbox 269 831 420 893; x_wconf 89' lang='lat' dir='ltr'>Hadriani</span> <span class='ocrx_word' id='word_1_48' title='bbox 444 831 642 907; x_wconf 89' lang='lat' dir='ltr'>desiderare,</span> <span class='ocrx_word' id='word_1_49' title='bbox 676 840 712 892; x_wconf 92' lang='lat' dir='ltr'><strong>ut</strong></span> <span class='ocrx_word' id='word_1_50' title='bbox 732 851 789 912; x_wconf 91' lang='lat' dir='ltr'>pro</span> <span class='ocrx_word' id='word_1_51' title='bbox 813 841 902 912; x_wconf 89' lang='lat' dir='ltr'>parte</span> <span class='ocrx_word' id='word_1_52' title='bbox 930 833 964 892; x_wconf 93' lang='lat' dir='ltr'>in</span> <span class='ocrx_word' id='word_1_53' title='bbox 993 851 1027 892; x_wconf 91' lang='lat' dir='ltr'><strong>se</strong></span> <span class='ocrx_word' id='word_1_54' title='bbox 1051 832 1146 894; x_wconf 90' lang='lat' dir='ltr'>detur</span> <span class='ocrx_word' id='word_1_55' title='bbox 1167 832 1296 893; x_wconf 88' lang='lat' dir='ltr'>actio.5</span> 
     </span>
    </p>

    <p class='ocr_par' dir='ltr' id='par_1_4' title="bbox 94 916 1264 1170">
     <span class='ocr_line' id='line_1_7' title="bbox 94 916 1264 998; baseline 0.001 -22"><span class='ocrx_word' id='word_1_56' title='bbox 94 917 153 980; x_wconf 88' lang='grc'><strong>423</strong></span> <span class='ocrx_word' id='word_1_57' title='bbox 178 919 340 978; x_wconf 88' lang='lat' dir='ltr'>Praeterea</span> <span class='ocrx_word' id='word_1_58' title='bbox 364 919 432 997; x_wconf 91' lang='lat' dir='ltr'>lege</span> <span class='ocrx_word' id='word_1_59' title='bbox 450 916 591 979; x_wconf 85' lang='lat' dir='ltr'>Cicereia</span> <span class='ocrx_word' id='word_1_60' title='bbox 613 930 740 979; x_wconf 88' lang='lat' dir='ltr'>cautum</span> <span class='ocrx_word' id='word_1_61' title='bbox 764 926 823 993; x_wconf 90' lang='lat' dir='ltr'>est,</span> <span class='ocrx_word' id='word_1_62' title='bbox 849 927 884 979; x_wconf 92' lang='lat' dir='ltr'><strong>ut</strong></span> <span class='ocrx_word' id='word_1_63' title='bbox 907 919 933 978; x_wconf 94' lang='lat' dir='ltr'>is</span> <span class='ocrx_word' id='word_1_64' title='bbox 949 917 1004 996; x_wconf 92' lang='lat' dir='ltr'><strong>qui</strong></span> <span class='ocrx_word' id='word_1_65' title='bbox 1020 936 1192 998; x_wconf 87' lang='lat' dir='ltr'>sponsores</span> <span class='ocrx_word' id='word_1_66' title='bbox 1209 926 1264 978; x_wconf 93' lang='lat' dir='ltr'><strong>aut</strong></span> 
     </span>
     <span class='ocr_line' id='line_1_8' title="bbox 180 1002 1262 1084; baseline -0.001 -21"><span class='ocrx_word' id='word_1_67' title='bbox 180 1002 450 1083; x_wconf 89' lang='lat' dir='ltr'>fidepromissores</span> <span class='ocrx_word' id='word_1_68' title='bbox 473 1005 618 1084; x_wconf 87' lang='lat' dir='ltr'>accipiat,</span> <span class='ocrx_word' id='word_1_69' title='bbox 644 1003 807 1084; x_wconf 87' lang='lat' dir='ltr'>praedicat</span> <span class='ocrx_word' id='word_1_70' title='bbox 828 1004 932 1083; x_wconf 90' lang='lat' dir='ltr'>palam</span> <span class='ocrx_word' id='word_1_71' title='bbox 948 1013 979 1064; x_wconf 90' lang='lat' dir='ltr'><strong>et</strong></span> <span class='ocrx_word' id='word_1_72' title='bbox 995 1002 1145 1083; x_wconf 81' lang='lat' dir='ltr'>declaret,</span> <span class='ocrx_word' id='word_1_73' title='bbox 1172 1002 1262 1064; x_wconf 89' lang='lat' dir='ltr'>etde</span> 
     </span>
     <span class='ocr_line' id='line_1_9' title="bbox 177 1088 1263 1170; baseline 0 -20"><span class='ocrx_word' id='word_1_74' title='bbox 177 1108 239 1168; x_wconf 91' lang='lat' dir='ltr'><strong>qua</strong></span> <span class='ocrx_word' id='word_1_75' title='bbox 262 1108 296 1151; x_wconf 89' lang='lat' dir='ltr'><strong>re</strong></span> <span class='ocrx_word' id='word_1_76' title='bbox 319 1090 395 1150; x_wconf 90' lang='lat' dir='ltr'>satis</span> <span class='ocrx_word' id='word_1_77' title='bbox 417 1090 551 1170; x_wconf 88' lang='lat' dir='ltr'>accipiat</span> <span class='ocrx_word' id='word_1_78' title='bbox 575 1099 607 1150; x_wconf 90' lang='lat' dir='ltr'><strong>et</strong></span> <span class='ocrx_word' id='word_1_79' title='bbox 629 1097 704 1169; x_wconf 90' lang='lat' dir='ltr'>quot</span> <span class='ocrx_word' id='word_1_80' title='bbox 725 1108 894 1169; x_wconf 88' lang='lat' dir='ltr'>sponsores</span> <span class='ocrx_word' id='word_1_81' title='bbox 917 1100 971 1150; x_wconf 90' lang='lat' dir='ltr'><strong>aut</strong></span> <span class='ocrx_word' id='word_1_82' title='bbox 991 1088 1263 1169; x_wconf 89' lang='lat' dir='ltr'>fidepromissores</span> 
     </span>
    </p>

    <p class='ocr_par' dir='ltr' id='par_1_5' title="bbox 104 1174 1309 1685">
     <span class='ocr_line' id='line_1_10' title="bbox 104 1174 1259 1256; baseline -0.001 -21"><span class='ocrx_word' id='word_1_83' title='bbox 104 1200 105 1203; x_wconf 41' lang='lat'>¹</span> <span class='ocrx_word' id='word_1_84' title='bbox 176 1177 209 1235; x_wconf 95' lang='lat' dir='ltr'>in</span> <span class='ocrx_word' id='word_1_85' title='bbox 237 1194 307 1236; x_wconf 90' lang='lat' dir='ltr'><strong>eam</strong></span> <span class='ocrx_word' id='word_1_86' title='bbox 333 1174 557 1256; x_wconf 81' lang='lat' dir='ltr'>obligationem</span> <span class='ocrx_word' id='word_1_87' title='bbox 585 1185 773 1255; x_wconf 87' lang='lat' dir='ltr'>accepturus</span> <span class='ocrx_word' id='word_1_88' title='bbox 805 1176 861 1253; x_wconf 90' lang='lat' dir='ltr'>sit;</span> <span class='ocrx_word' id='word_1_89' title='bbox 895 1184 926 1237; x_wconf 93' lang='lat' dir='ltr'><strong>et</strong></span> <span class='ocrx_word' id='word_1_90' title='bbox 956 1175 1018 1236; x_wconf 92' lang='lat' dir='ltr'>nisi</span> <span class='ocrx_word' id='word_1_91' title='bbox 1047 1174 1259 1255; x_wconf 82' lang='lat' dir='ltr'>praedixerit,</span> 
     </span>
     <span class='ocr_line' id='line_1_11' title="bbox 175 1261 1309 1341; baseline -0.004 -19"><span class='ocrx_word' id='word_1_92' title='bbox 175 1262 371 1341; x_wconf 83' lang='lat' dir='ltr'>permittitur</span> <span class='ocrx_word' id='word_1_93' title='bbox 394 1261 601 1341; x_wconf 87' lang='lat' dir='ltr'>sponsoribus</span> <span class='ocrx_word' id='word_1_94' title='bbox 624 1270 656 1322; x_wconf 91' lang='lat' dir='ltr'><strong>et</strong></span> <span class='ocrx_word' id='word_1_95' title='bbox 678 1261 985 1341; x_wconf 88' lang='lat' dir='ltr'>fidepromissoribus</span> <span class='ocrx_word' id='word_1_96' title='bbox 1006 1263 1088 1322; x_wconf 91' lang='lat' dir='ltr'>intra</span> <span class='ocrx_word' id='word_1_97' title='bbox 1104 1261 1189 1323; x_wconf 91' lang='lat' dir='ltr'>diem</span> <span class='ocrx_word' id='word_1_98' title='bbox 1206 1261 1263 1324; x_wconf 65' lang='lat' dir='ltr'>x-xx</span> <span class='ocrx_word' id='word_1_99' title='bbox 1281 1274 1309 1318; x_wconf 86' lang='grc'><strong>40</strong></span> 
     </span>
     <span class='ocr_line' id='line_1_12' title="bbox 175 1346 1262 1428; baseline 0.003 -20"><span class='ocrx_word' id='word_1_100' title='bbox 175 1346 407 1426; x_wconf 86' lang='lat' dir='ltr'>praeiudicium</span> <span class='ocrx_word' id='word_1_101' title='bbox 429 1347 603 1427; x_wconf 90' lang='lat' dir='ltr'>postulare,</span> <span class='ocrx_word' id='word_1_102' title='bbox 631 1366 693 1427; x_wconf 90' lang='lat' dir='ltr'>quo</span> <span class='ocrx_word' id='word_1_103' title='bbox 717 1356 891 1426; x_wconf 83' lang='lat' dir='ltr'>quaeratur</span> <span class='ocrx_word' id='word_1_104' title='bbox 912 1366 953 1409; x_wconf 89' lang='lat' dir='ltr'>an</span> <span class='ocrx_word' id='word_1_105' title='bbox 976 1366 1013 1408; x_wconf 84' lang='lat' dir='ltr'><strong>ex</strong></span> <span class='ocrx_word' id='word_1_106' title='bbox 1029 1367 1065 1408; x_wconf 89' lang='lat' dir='ltr'><strong>ea</strong></span> <span class='ocrx_word' id='word_1_107' title='bbox 1081 1347 1151 1428; x_wconf 92' lang='lat' dir='ltr'>lege</span> <span class='ocrx_word' id='word_1_108' title='bbox 1167 1368 1262 1428; x_wconf 87' lang='lat' dir='ltr'>prae-</span> 
     </span>
     <span class='ocr_line' id='line_1_13' title="bbox 177 1431 1258 1513; baseline 0.003 -20"><span class='ocrx_word' id='word_1_109' title='bbox 177 1432 298 1494; x_wconf 90' lang='lat' dir='ltr'>dictum</span> <span class='ocrx_word' id='word_1_110' title='bbox 324 1435 379 1508; x_wconf 89' lang='lat' dir='ltr'>sit;</span> <span class='ocrx_word' id='word_1_111' title='bbox 414 1443 446 1494; x_wconf 90' lang='lat' dir='ltr'><strong>et</strong></span> <span class='ocrx_word' id='word_1_112' title='bbox 472 1434 499 1495; x_wconf 90' lang='lat' dir='ltr'>si</span> <span class='ocrx_word' id='word_1_113' title='bbox 531 1433 704 1495; x_wconf 91' lang='lat' dir='ltr'>iudicatum</span> <span class='ocrx_word' id='word_1_114' title='bbox 732 1432 827 1494; x_wconf 84' lang='lat' dir='ltr'>luerit</span> <span class='ocrx_word' id='word_1_115' title='bbox 855 1431 1054 1513; x_wconf 89' lang='lat' dir='ltr'>praedictum</span> <span class='ocrx_word' id='word_1_116' title='bbox 1084 1452 1146 1494; x_wconf 88' lang='lat' dir='ltr'>nou</span> <span class='ocrx_word' id='word_1_117' title='bbox 1177 1454 1258 1513; x_wconf 90' lang='lat' dir='ltr'>esse,</span> 
     </span>
     <span class='ocr_line' id='line_1_14' title="bbox 176 1518 1261 1599; baseline 0.006 -21"><span class='ocrx_word' id='word_1_118' title='bbox 176 1518 361 1581; x_wconf 89' lang='lat' dir='ltr'>liberantur.</span> <span class='ocrx_word' id='word_1_119' title='bbox 401 1537 463 1599; x_wconf 85' lang='lat' dir='ltr'><strong>qua</strong></span> <span class='ocrx_word' id='word_1_120' title='bbox 486 1520 555 1599; x_wconf 89' lang='lat' dir='ltr'>lege</span> <span class='ocrx_word' id='word_1_121' title='bbox 579 1518 799 1581; x_wconf 85' lang='lat' dir='ltr'>fideiussorum</span> <span class='ocrx_word' id='word_1_122' title='bbox 821 1521 937 1580; x_wconf 90' lang='lat' dir='ltr'>mentio</span> <span class='ocrx_word' id='word_1_123' title='bbox 960 1520 1049 1581; x_wconf 91' lang='lat' dir='ltr'>nulla</span> <span class='ocrx_word' id='word_1_124' title='bbox 1072 1519 1117 1580; x_wconf 92' lang='lat' dir='ltr'>fit.</span> <span class='ocrx_word' id='word_1_125' title='bbox 1148 1520 1261 1583; x_wconf 91' lang='lat' dir='ltr'>sedin</span> 
     </span>
     <span class='ocr_line' id='line_1_15' title="bbox 176 1604 1145 1685; baseline 0.001 -20"><span class='ocrx_word' id='word_1_126' title='bbox 176 1623 239 1666; x_wconf 92' lang='lat' dir='ltr'><strong>usu</strong></span> <span class='ocrx_word' id='word_1_127' title='bbox 262 1612 309 1665; x_wconf 91' lang='lat' dir='ltr'><strong>est</strong></span> <span class='ocrx_word' id='word_1_128' title='bbox 331 1606 424 1666; x_wconf 89' lang='lat' dir='ltr'>etiam</span> <span class='ocrx_word' id='word_1_129' title='bbox 448 1607 475 1666; x_wconf 93' lang='lat' dir='ltr'>si</span> <span class='ocrx_word' id='word_1_130' title='bbox 499 1604 699 1666; x_wconf 89' lang='lat' dir='ltr'>fideiussores</span> <span class='ocrx_word' id='word_1_131' title='bbox 721 1605 923 1685; x_wconf 79' lang='lat' dir='ltr'>accipiamus,</span> <span class='ocrx_word' id='word_1_132' title='bbox 949 1604 1145 1685; x_wconf 88' lang='lat' dir='ltr'>praedicere.</span> 
     </span>
    </p>

    <p class='ocr_par' dir='ltr' id='par_1_6' title="bbox 94 1689 1307 2373">
     <span class='ocr_line' id='line_1_16' title="bbox 94 1689 1307 1770; baseline 0.002 -19"><span class='ocrx_word' id='word_1_133' title='bbox 94 1693 152 1754; x_wconf 88' lang='grc'><strong>424</strong></span> <span class='ocrx_word' id='word_1_134' title='bbox 264 1689 327 1752; x_wconf 88' lang='lat' dir='ltr'><strong>Sed</strong></span> <span class='ocrx_word' id='word_1_135' title='bbox 348 1690 539 1752; x_wconf 87' lang='lat' dir='ltr'>beneficium</span> <span class='ocrx_word' id='word_1_136' title='bbox 562 1691 641 1770; x_wconf 82' lang='lat' dir='ltr'>legis</span> <span class='ocrx_word' id='word_1_137' title='bbox 658 1691 817 1753; x_wconf 85' lang='lat' dir='ltr'>Corneliae</span> <span class='ocrx_word' id='word_1_138' title='bbox 841 1691 984 1752; x_wconf 88' lang='lat' dir='ltr'>omnibus</span> <span class='ocrx_word' id='word_1_139' title='bbox 1008 1710 1184 1768; x_wconf 55' lang='lat' dir='ltr'>commune„</span> <span class='ocrx_word' id='word_1_140' title='bbox 1199 1703 1258 1754; x_wconf 88' lang='lat' dir='ltr'>est.</span> <span class='ocrx_word' id='word_1_141' title='bbox 1278 1703 1307 1747; x_wconf 80' lang='grc'><strong>45</strong></span> 
     </span>
     <span class='ocr_line' id='line_1_17' title="bbox 178 1775 1262 1856; baseline 0.004 -19"><span class='ocrx_word' id='word_1_142' title='bbox 178 1794 240 1854; x_wconf 90' lang='lat' dir='ltr'><strong>qua</strong></span> <span class='ocrx_word' id='word_1_143' title='bbox 262 1776 332 1854; x_wconf 89' lang='lat' dir='ltr'>lege</span> <span class='ocrx_word' id='word_1_144' title='bbox 354 1775 434 1837; x_wconf 85' lang='lat' dir='ltr'>ideru</span> <span class='ocrx_word' id='word_1_145' title='bbox 455 1796 513 1856; x_wconf 92' lang='lat' dir='ltr'>pro</span> <span class='ocrx_word' id='word_1_146' title='bbox 536 1775 647 1837; x_wconf 89' lang='lat' dir='ltr'>eodem</span> <span class='ocrx_word' id='word_1_147' title='bbox 670 1776 754 1856; x_wconf 88' lang='lat' dir='ltr'>apud</span> <span class='ocrx_word' id='word_1_148' title='bbox 777 1776 913 1839; x_wconf 89' lang='lat' dir='ltr'>eundem</span> <span class='ocrx_word' id='word_1_149' title='bbox 938 1776 1049 1838; x_wconf 92' lang='lat' dir='ltr'>eodem</span> <span class='ocrx_word' id='word_1_150' title='bbox 1073 1796 1155 1839; x_wconf 94' lang='lat' dir='ltr'>anno</span> <span class='ocrx_word' id='word_1_151' title='bbox 1170 1789 1262 1840; x_wconf 89' lang='lat' dir='ltr'>ueta-</span> 
     </span>
     <span class='ocr_line' id='line_1_18' title="bbox 177 1861 1260 1943; baseline 0.005 -22"><span class='ocrx_word' id='word_1_152' title='bbox 177 1870 229 1922; x_wconf 92' lang='lat' dir='ltr'><strong>tur</strong></span> <span class='ocrx_word' id='word_1_153' title='bbox 251 1861 284 1920; x_wconf 94' lang='lat' dir='ltr'>in</span> <span class='ocrx_word' id='word_1_154' title='bbox 307 1862 491 1940; x_wconf 89' lang='lat' dir='ltr'>ampliorem</span> <span class='ocrx_word' id='word_1_155' title='bbox 514 1880 670 1923; x_wconf 92' lang='lat' dir='ltr'>summam</span> <span class='ocrx_word' id='word_1_156' title='bbox 692 1861 825 1941; x_wconf 87' lang='lat' dir='ltr'>obligari</span> <span class='ocrx_word' id='word_1_157' title='bbox 841 1861 979 1924; x_wconf 89' lang='lat' dir='ltr'>creditae</span> <span class='ocrx_word' id='word_1_158' title='bbox 994 1864 1150 1942; x_wconf 85' lang='lat' dir='ltr'>pecuniae</span> <span class='ocrx_word' id='word_1_159' title='bbox 1165 1882 1260 1943; x_wconf 92' lang='lat' dir='ltr'>quam</span> 
     </span>
     <span class='ocr_line' id='line_1_19' title="bbox 176 1947 1260 2028; baseline 0.004 -21"><span class='ocrx_word' id='word_1_160' title='bbox 176 1948 209 2007; x_wconf 94' lang='lat' dir='ltr'>in</span> <span class='ocrx_word' id='word_1_161' title='bbox 232 1947 276 2006; x_wconf 63' lang='grc'><strong>4-4</strong></span> <span class='ocrx_word' id='word_1_162' title='bbox 298 1947 399 2007; x_wconf 88' lang='lat' dir='ltr'>milio.</span> <span class='ocrx_word' id='word_1_163' title='bbox 440 1955 471 2007; x_wconf 91' lang='lat' dir='ltr'><strong>et</strong></span> <span class='ocrx_word' id='word_1_164' title='bbox 499 1948 645 2026; x_wconf 90' lang='lat' dir='ltr'>quamuis</span> <span class='ocrx_word' id='word_1_165' title='bbox 668 1966 836 2027; x_wconf 91' lang='lat' dir='ltr'>sponsores</span> <span class='ocrx_word' id='word_1_166' title='bbox 862 1949 915 2010; x_wconf 94' lang='lat' dir='ltr'><strong>uel</strong></span> <span class='ocrx_word' id='word_1_167' title='bbox 938 1947 1207 2028; x_wconf 88' lang='lat' dir='ltr'>fidepromissores</span> <span class='ocrx_word' id='word_1_168' title='bbox 1229 1953 1260 2011; x_wconf 96' lang='lat' dir='ltr'>in</span> 
     </span>
     <span class='ocr_line' id='line_1_20' title="bbox 177 2031 1260 2118; baseline 0.005 -25"><span class='ocrx_word' id='word_1_169' title='bbox 177 2033 359 2113; x_wconf 81' lang='lat' dir='ltr'>ampliorem</span> <span class='ocrx_word' id='word_1_170' title='bbox 381 2032 559 2112; x_wconf 88' lang='lat' dir='ltr'>pecuniam,</span> <span class='ocrx_word' id='word_1_171' title='bbox 586 2033 686 2094; x_wconf 91' lang='lat' dir='ltr'>ueluti</span> <span class='ocrx_word' id='word_1_172' title='bbox 709 2035 736 2094; x_wconf 95' lang='lat' dir='ltr'>si</span> <span class='ocrx_word' id='word_1_173' title='bbox 752 2035 934 2096; x_wconf 88' lang='lat' dir='ltr'>sestertium</span> <span class='ocrx_word' id='word_1_174' title='bbox 950 2041 968 2095; x_wconf 77' lang='grc'><strong>0</strong></span> <span class='ocrx_word' id='word_1_175' title='bbox 983 2035 1106 2095; x_wconf 92' lang='lat' dir='ltr'>milium</span> <span class='ocrx_word' id='word_1_176' title='bbox 1124 2031 1172 2118; x_wconf 84' lang='lat' dir='ltr'><strong>(se</strong></span> <span class='ocrx_word' id='word_1_177' title='bbox 1187 2035 1260 2098; x_wconf 82' lang='lat' dir='ltr'>obli-</span> 
     </span>
     <span class='ocr_line' id='line_1_21' title="bbox 175 2118 1304 2203; baseline 0.004 -24"><span class='ocrx_word' id='word_1_178' title='bbox 175 2119 333 2201; x_wconf 79' lang='lat' dir='ltr'>pouerr&#39;ut,</span> <span class='ocrx_word' id='word_1_179' title='bbox 368 2126 467 2179; x_wconf 87' lang='grc'><strong>404444</strong></span> <span class='ocrx_word' id='word_1_180' title='bbox 489 2118 656 2179; x_wconf 76' lang='grc'><strong>4044404404</strong></span> <span class='ocrx_word' id='word_1_181' title='bbox 677 2121 719 2175; x_wconf 66' lang='lat' dir='ltr'><strong>i}</strong></span> <span class='ocrx_word' id='word_1_182' title='bbox 745 2118 912 2203; x_wconf 84' lang='grc'><strong>44444404).</strong></span> <span class='ocrx_word' id='word_1_183' title='bbox 956 2121 1124 2200; x_wconf 88' lang='lat' dir='ltr'>pecuniam</span> <span class='ocrx_word' id='word_1_184' title='bbox 1153 2132 1259 2183; x_wconf 90' lang='lat' dir='ltr'>autem</span> <span class='ocrx_word' id='word_1_185' title='bbox 1278 2132 1304 2176; x_wconf 77' lang='lat'><strong>2⁰</strong></span> 
     </span>
     <span class='ocr_line' id='line_1_22' title="bbox 177 2204 1259 2285; baseline 0.002 -19"><span class='ocrx_word' id='word_1_186' title='bbox 177 2204 328 2266; x_wconf 87' lang='lat' dir='ltr'>creditam</span> <span class='ocrx_word' id='word_1_187' title='bbox 351 2204 486 2267; x_wconf 87' lang='lat' dir='ltr'>dicimus</span> <span class='ocrx_word' id='word_1_188' title='bbox 508 2223 571 2264; x_wconf 91' lang='lat' dir='ltr'><strong>non</strong></span> <span class='ocrx_word' id='word_1_189' title='bbox 594 2204 696 2265; x_wconf 89' lang='lat' dir='ltr'>solum</span> <span class='ocrx_word' id='word_1_190' title='bbox 720 2224 789 2266; x_wconf 88' lang='lat' dir='ltr'><strong>eam</strong></span> <span class='ocrx_word' id='word_1_191' title='bbox 812 2225 907 2285; x_wconf 90' lang='lat' dir='ltr'>quam</span> <span class='ocrx_word' id='word_1_192' title='bbox 923 2204 1075 2267; x_wconf 91' lang='lat' dir='ltr'>credendi</span> <span class='ocrx_word' id='word_1_193' title='bbox 1091 2225 1187 2268; x_wconf 88' lang='lat' dir='ltr'>causa</span> <span class='ocrx_word' id='word_1_194' title='bbox 1203 2207 1259 2268; x_wconf 90' lang='lat' dir='ltr'>da-</span> 
     </span>
     <span class='ocr_line' id='line_1_23' title="bbox 177 2290 1259 2373; baseline 0.003 -22"><span class='ocrx_word' id='word_1_195' title='bbox 177 2310 258 2371; x_wconf 89' lang='lat' dir='ltr'>mus,</span> <span class='ocrx_word' id='word_1_196' title='bbox 284 2290 340 2352; x_wconf 90' lang='lat' dir='ltr'><strong>sed</strong></span> <span class='ocrx_word' id='word_1_197' title='bbox 362 2309 484 2352; x_wconf 90' lang='lat' dir='ltr'>omnem</span> <span class='ocrx_word' id='word_1_198' title='bbox 507 2309 603 2370; x_wconf 90' lang='lat' dir='ltr'>quam</span> <span class='ocrx_word' id='word_1_199' title='bbox 626 2299 692 2353; x_wconf 76' lang='lat' dir='ltr'>tutu</span> <span class='ocrx_word' id='word_1_200' title='bbox 707 2310 776 2352; x_wconf 87' lang='lat' dir='ltr'>cum</span> <span class='ocrx_word' id='word_1_201' title='bbox 792 2291 986 2353; x_wconf 86' lang='lat' dir='ltr'>contrabitur</span> <span class='ocrx_word' id='word_1_202' title='bbox 1001 2292 1162 2373; x_wconf 78' lang='lat' dir='ltr'>obligatio,</span> <span class='ocrx_word' id='word_1_203' title='bbox 1191 2313 1259 2354; x_wconf 89' lang='lat' dir='ltr'>oer-</span> 
     </span>
    </p>
   </div>
   <div class='ocr_carea' id='block_1_3' title="bbox 175 2373 1304 2629">
    <p class='ocr_par' dir='ltr' id='par_1_7' title="bbox 175 2373 1304 2629">
     <span class='ocr_line' id='line_1_24' title="bbox 176 2373 1260 2459; baseline 0.003 -21"><span class='ocrx_word' id='word_1_204' title='bbox 176 2387 243 2439; x_wconf 90' lang='lat' dir='ltr'><strong>tum</strong></span> <span class='ocrx_word' id='word_1_205' title='bbox 267 2383 315 2439; x_wconf 89' lang='lat' dir='ltr'><strong>est</strong></span> <span class='ocrx_word' id='word_1_206' title='bbox 335 2375 479 2439; x_wconf 89' lang='lat' dir='ltr'>debitum</span> <span class='ocrx_word' id='word_1_207' title='bbox 503 2377 550 2456; x_wconf 92' lang='lat' dir='ltr'>iri,</span> <span class='ocrx_word' id='word_1_208' title='bbox 577 2375 612 2437; x_wconf 94' lang='lat' dir='ltr'>id</span> <span class='ocrx_word' id='word_1_209' title='bbox 634 2385 681 2438; x_wconf 93' lang='lat' dir='ltr'><strong>est</strong></span> <span class='ocrx_word' id='word_1_210' title='bbox 698 2373 805 2459; x_wconf 72' lang='lat' dir='ltr'>(quoe)</span> <span class='ocrx_word' id='word_1_211' title='bbox 829 2379 898 2440; x_wconf 92' lang='lat' dir='ltr'>sine</span> <span class='ocrx_word' id='word_1_212' title='bbox 920 2378 985 2439; x_wconf 91' lang='lat' dir='ltr'>ulla</span> <span class='ocrx_word' id='word_1_213' title='bbox 1000 2377 1187 2440; x_wconf 88' lang='lat' dir='ltr'>condicione</span> <span class='ocrx_word' id='word_1_214' title='bbox 1203 2379 1260 2441; x_wconf 92' lang='lat' dir='ltr'><strong>de-</strong></span> 
     </span>
     <span class='ocr_line' id='line_1_25' title="bbox 176 2462 1258 2544; baseline 0 -18"><span class='ocrx_word' id='word_1_215' title='bbox 176 2462 304 2526; x_wconf 85' lang='lat' dir='ltr'>ducitur</span> <span class='ocrx_word' id='word_1_216' title='bbox 325 2464 359 2523; x_wconf 91' lang='lat' dir='ltr'>in</span> <span class='ocrx_word' id='word_1_217' title='bbox 374 2463 606 2544; x_wconf 78' lang='lat' dir='ltr'>obligationem.</span> <span class='ocrx_word' id='word_1_218' title='bbox 637 2463 744 2542; x_wconf 88' lang='lat' dir='ltr'>itaque</span> <span class='ocrx_word' id='word_1_219' title='bbox 761 2472 792 2525; x_wconf 92' lang='lat' dir='ltr'><strong>et</strong></span> <span class='ocrx_word' id='word_1_220' title='bbox 808 2482 844 2524; x_wconf 91' lang='lat' dir='ltr'><strong>ea</strong></span> <span class='ocrx_word' id='word_1_221' title='bbox 860 2465 995 2544; x_wconf 91' lang='lat' dir='ltr'>pecunia</span> <span class='ocrx_word' id='word_1_222' title='bbox 1010 2481 1104 2543; x_wconf 90' lang='lat' dir='ltr'>quam</span> <span class='ocrx_word' id='word_1_223' title='bbox 1122 2465 1156 2524; x_wconf 92' lang='lat' dir='ltr'>in</span> <span class='ocrx_word' id='word_1_224' title='bbox 1174 2464 1258 2526; x_wconf 91' lang='lat' dir='ltr'>diem</span> 
     </span>
     <span class='ocr_line' id='line_1_26' title="bbox 175 2549 1304 2629; baseline 0.002 -19"><span class='ocrx_word' id='word_1_225' title='bbox 175 2561 297 2612; x_wconf 90' lang='lat' dir='ltr'>certum</span> <span class='ocrx_word' id='word_1_226' title='bbox 320 2549 388 2610; x_wconf 90' lang='lat' dir='ltr'>dari</span> <span class='ocrx_word' id='word_1_227' title='bbox 411 2551 615 2629; x_wconf 88' lang='lat' dir='ltr'>stipulamur,</span> <span class='ocrx_word' id='word_1_228' title='bbox 641 2549 753 2610; x_wconf 92' lang='lat' dir='ltr'>eodem</span> <span class='ocrx_word' id='word_1_229' title='bbox 775 2568 907 2610; x_wconf 92' lang='lat' dir='ltr'>numero</span> <span class='ocrx_word' id='word_1_230' title='bbox 937 2560 999 2627; x_wconf 86' lang='lat' dir='ltr'>est,</span> <span class='ocrx_word' id='word_1_231' title='bbox 1033 2551 1107 2628; x_wconf 90' lang='lat' dir='ltr'>quia</span> <span class='ocrx_word' id='word_1_232' title='bbox 1138 2562 1258 2612; x_wconf 90' lang='lat' dir='ltr'>certum</span> <span class='ocrx_word' id='word_1_233' title='bbox 1277 2561 1304 2605; x_wconf 81' lang='grc'><strong>25</strong></span> 
     </span>
    </p>
   </div>
   <div class='ocr_carea' id='block_1_4' title="bbox 244 2719 872 2785">
    <p class='ocr_par' dir='ltr' id='par_1_8' title="bbox 244 2719 872 2785">
     <span class='ocr_line' id='line_1_27' title="bbox 244 2719 872 2785; baseline 0.003 -17"><span class='ocrx_word' id='word_1_234' title='bbox 244 2719 318 2785; x_wconf 80' lang='grc'><strong>4422</strong></span> <span class='ocrx_word' id='word_1_235' title='bbox 338 2721 402 2771; x_wconf 90' lang='lat' dir='ltr'>inde</span> <span class='ocrx_word' id='word_1_236' title='bbox 421 2721 480 2770; x_wconf 85' lang='lat' dir='ltr'><strong>abt</strong></span> <span class='ocrx_word' id='word_1_237' title='bbox 503 2723 526 2770; x_wconf 82' lang='grc'><strong>44·</strong></span> <span class='ocrx_word' id='word_1_238' title='bbox 544 2719 598 2770; x_wconf 87' lang='grc'><strong>4040</strong></span> <span class='ocrx_word' id='word_1_239' title='bbox 617 2740 649 2762; x_wconf 86' lang='grc'><strong>--</strong></span> <span class='ocrx_word' id='word_1_240' title='bbox 668 2721 734 2770; x_wconf 86' lang='lat' dir='ltr'>lust.</span> <span class='ocrx_word' id='word_1_241' title='bbox 748 2725 773 2780; x_wconf 83' lang='grc'><strong>4,</strong></span> <span class='ocrx_word' id='word_1_242' title='bbox 789 2723 832 2781; x_wconf 88' lang='grc'><strong>24,</strong></span> <span class='ocrx_word' id='word_1_243' title='bbox 847 2722 872 2770; x_wconf 82' lang='grc'><strong>4.</strong></span> 
     </span>
    </p>
   </div>
   <div class='ocr_carea' id='block_1_5' title="bbox 170 2872 1258 4172">
    <p class='ocr_par' dir='ltr' id='par_1_9' title="bbox 170 2872 1258 4172">
     <span class='ocr_line' id='line_1_28' title="bbox 245 2872 1258 2937; baseline 0.004 -18"><span class='ocrx_word' id='word_1_244' title='bbox 245 2875 254 2919; x_wconf 88' lang='grc'><strong>4</strong></span> <span class='ocrx_word' id='word_1_245' title='bbox 277 2872 397 2922; x_wconf 86' lang='lat' dir='ltr'>creditor</span> <span class='ocrx_word' id='word_1_246' title='bbox 415 2872 449 2922; x_wconf 88' lang='lat' dir='ltr'>ab</span> <span class='ocrx_word' id='word_1_247' title='bbox 468 2886 523 2922; x_wconf 92' lang='lat' dir='ltr'>uno</span> <span class='ocrx_word' id='word_1_248' title='bbox 538 2872 565 2937; x_wconf 90' lang='grc'><strong>0,</strong></span> <span class='ocrx_word' id='word_1_249' title='bbox 585 2873 619 2924; x_wconf 87' lang='lat' dir='ltr'>ab</span> <span class='ocrx_word' id='word_1_250' title='bbox 637 2886 693 2924; x_wconf 95' lang='lat' dir='ltr'>uno</span> <span class='ocrx_word' id='word_1_251' title='bbox 711 2873 871 2923; x_wconf 89' lang='lat' dir='ltr'>fideiussore</span> <span class='ocrx_word' id='word_1_252' title='bbox 889 2874 1008 2924; x_wconf 87' lang='lat' dir='ltr'>creditor</span> <span class='ocrx_word' id='word_1_253' title='bbox 1027 2874 1088 2924; x_wconf 85' lang='lat' dir='ltr'>lust.</span> <span class='ocrx_word' id='word_1_254' title='bbox 1110 2873 1121 2937; x_wconf 96' lang='grc'><strong>44</strong></span> <span class='ocrx_word' id='word_1_255' title='bbox 1140 2878 1154 2922; x_wconf 90' lang='grc'><strong>2</strong></span> <span class='ocrx_word' id='word_1_256' title='bbox 1175 2874 1258 2925; x_wconf 90' lang='lat' dir='ltr'>solius</span> 
     </span>
     <span class='ocr_line' id='line_1_29' title="bbox 176 2939 1258 3010; baseline 0.005 -22"><span class='ocrx_word' id='word_1_257' title='bbox 176 2941 251 3000; x_wconf 83' lang='grc'><strong>4044,</strong></span> <span class='ocrx_word' id='word_1_258' title='bbox 272 2939 347 2989; x_wconf 89' lang='lat' dir='ltr'>solus</span> <span class='ocrx_word' id='word_1_259' title='bbox 367 2940 386 2991; x_wconf 91' lang='grc'><strong>0</strong></span> <span class='ocrx_word' id='word_1_260' title='bbox 406 2940 417 3004; x_wconf 95' lang='grc'><strong>44</strong></span> <span class='ocrx_word' id='word_1_261' title='bbox 442 2941 547 2992; x_wconf 87' lang='lat' dir='ltr'>scilicet</span> <span class='ocrx_word' id='word_1_262' title='bbox 567 2940 610 3004; x_wconf 75' lang='lat' dir='ltr'><strong>Cn,</strong></span> <span class='ocrx_word' id='word_1_263' title='bbox 632 2956 681 2992; x_wconf 85' lang='lat' dir='ltr'><strong>om.</strong></span> <span class='ocrx_word' id='word_1_264' title='bbox 702 2943 766 2992; x_wconf 87' lang='grc'><strong>4444.</strong></span> <span class='ocrx_word' id='word_1_265' title='bbox 792 2940 803 3003; x_wconf 95' lang='grc'><strong>44</strong></span> <span class='ocrx_word' id='word_1_266' title='bbox 828 2942 941 2992; x_wconf 74' lang='lat' dir='ltr'>edictis</span> <span class='ocrx_word' id='word_1_267' title='bbox 962 2943 1101 3002; x_wconf 88' lang='grc'><strong>00444444,</strong></span> <span class='ocrx_word' id='word_1_268' title='bbox 1128 2943 1194 2993; x_wconf 87' lang='lat' dir='ltr'>dicti</span> <span class='ocrx_word' id='word_1_269' title='bbox 1216 2939 1258 3010; x_wconf 90' lang='grc'><strong>044</strong></span> 
     </span>
     <span class='ocr_line' id='line_1_30' title="bbox 177 3007 1258 3074; baseline 0.007 -19"><span class='ocrx_word' id='word_1_270' title='bbox 177 3011 190 3055; x_wconf 97' lang='grc'><strong>4</strong></span> <span class='ocrx_word' id='word_1_271' title='bbox 210 3009 233 3056; x_wconf 85' lang='grc'><strong>44</strong></span> <span class='ocrx_word' id='word_1_272' title='bbox 254 3007 392 3068; x_wconf 86' lang='grc'><strong>00444444,</strong></span> <span class='ocrx_word' id='word_1_273' title='bbox 412 3010 446 3058; x_wconf 86' lang='lat' dir='ltr'><strong>iis</strong></span> <span class='ocrx_word' id='word_1_274' title='bbox 466 3008 512 3072; x_wconf 94' lang='grc'><strong>044</strong></span> <span class='ocrx_word' id='word_1_275' title='bbox 531 3013 544 3058; x_wconf 86' lang='grc'><strong>7</strong></span> <span class='ocrx_word' id='word_1_276' title='bbox 564 3011 702 3074; x_wconf 85' lang='lat' dir='ltr'>praedicat</span> <span class='ocrx_word' id='word_1_277' title='bbox 722 3010 861 3070; x_wconf 86' lang='grc'><strong>00440444,</strong></span> <span class='ocrx_word' id='word_1_278' title='bbox 881 3011 1056 3074; x_wconf 88' lang='lat' dir='ltr'>praedicatur</span> <span class='ocrx_word' id='word_1_279' title='bbox 1076 3008 1119 3073; x_wconf 71' lang='lat' dir='ltr'><strong>Cn,</strong></span> <span class='ocrx_word' id='word_1_280' title='bbox 1140 3013 1208 3074; x_wconf 86' lang='grc'><strong>4044.</strong></span> <span class='ocrx_word' id='word_1_281' title='bbox 1226 3011 1258 3063; x_wconf 74' lang='grc'><strong>04</strong></span> 
     </span>
     <span class='ocr_line' id='line_1_31' title="bbox 172 3076 1255 3144; baseline 0.005 -19"><span class='ocrx_word' id='word_1_282' title='bbox 172 3090 234 3140; x_wconf 69' lang='lat' dir='ltr'>pop.</span> <span class='ocrx_word' id='word_1_283' title='bbox 249 3081 301 3126; x_wconf 80' lang='grc'><strong>444</strong></span> <span class='ocrx_word' id='word_1_284' title='bbox 318 3076 329 3140; x_wconf 94' lang='grc'><strong>44</strong></span> <span class='ocrx_word' id='word_1_285' title='bbox 348 3080 362 3126; x_wconf 89' lang='lat'><em>8</em></span> <span class='ocrx_word' id='word_1_286' title='bbox 382 3082 427 3128; x_wconf 86' lang='lat' dir='ltr'><strong>eut</strong></span> <span class='ocrx_word' id='word_1_287' title='bbox 448 3077 586 3138; x_wconf 88' lang='grc'><strong>00444444,</strong></span> <span class='ocrx_word' id='word_1_288' title='bbox 612 3082 639 3129; x_wconf 92' lang='lat' dir='ltr'><strong>at</strong></span> <span class='ocrx_word' id='word_1_289' title='bbox 659 3078 686 3141; x_wconf 92' lang='grc'><strong>0,</strong></span> <span class='ocrx_word' id='word_1_290' title='bbox 712 3080 779 3141; x_wconf 87' lang='grc'><strong>4044.</strong></span> <span class='ocrx_word' id='word_1_291' title='bbox 803 3078 834 3129; x_wconf 70' lang='grc'><strong>04</strong></span> <span class='ocrx_word' id='word_1_292' title='bbox 853 3092 916 3142; x_wconf 78' lang='lat' dir='ltr'>pop.</span> <span class='ocrx_word' id='word_1_293' title='bbox 930 3082 981 3133; x_wconf 85' lang='grc'><strong>247</strong></span> <span class='ocrx_word' id='word_1_294' title='bbox 1007 3081 1018 3144; x_wconf 95' lang='grc'><strong>44</strong></span> <span class='ocrx_word' id='word_1_295' title='bbox 1042 3085 1057 3129; x_wconf 81' lang='grc'>9</span> <span class='ocrx_word' id='word_1_296' title='bbox 1082 3080 1255 3144; x_wconf 81' lang='lat' dir='ltr'>praedixerit]</span> 
     </span>
     <span class='ocr_line' id='line_1_32' title="bbox 175 3144 1255 3214; baseline 0.003 -19"><span class='ocrx_word' id='word_1_297' title='bbox 175 3145 242 3206; x_wconf 85' lang='grc'><strong>4044.</strong></span> <span class='ocrx_word' id='word_1_298' title='bbox 259 3144 290 3195; x_wconf 70' lang='grc'><strong>04</strong></span> <span class='ocrx_word' id='word_1_299' title='bbox 304 3150 542 3209; x_wconf 60' lang='lat' dir='ltr'>praestrueret</span> <span class='ocrx_word' id='word_1_300' title='bbox 563 3146 575 3209; x_wconf 95' lang='grc'><strong>44</strong></span> <span class='ocrx_word' id='word_1_301' title='bbox 594 3152 624 3196; x_wconf 89' lang='grc'><strong>44</strong></span> <span class='ocrx_word' id='word_1_302' title='bbox 643 3149 809 3213; x_wconf 86' lang='lat' dir='ltr'>permittitur</span> <span class='ocrx_word' id='word_1_303' title='bbox 824 3148 961 3208; x_wconf 86' lang='grc'><strong>00444444,</strong></span> <span class='ocrx_word' id='word_1_304' title='bbox 976 3150 1110 3214; x_wconf 87' lang='lat' dir='ltr'>promittit</span> <span class='ocrx_word' id='word_1_305' title='bbox 1124 3148 1168 3212; x_wconf 68' lang='grc'><strong>04,</strong></span> <span class='ocrx_word' id='word_1_306' title='bbox 1189 3150 1255 3212; x_wconf 86' lang='grc'><strong>4044.</strong></span> 
     </span>
     <span class='ocr_line' id='line_1_33' title="bbox 178 3214 1257 3281; baseline 0.001 -16"><span class='ocrx_word' id='word_1_307' title='bbox 178 3214 209 3265; x_wconf 79' lang='grc'><strong>04</strong></span> <span class='ocrx_word' id='word_1_308' title='bbox 230 3228 292 3278; x_wconf 69' lang='lat' dir='ltr'>pop.</span> <span class='ocrx_word' id='word_1_309' title='bbox 306 3219 358 3264; x_wconf 81' lang='grc'><strong>444</strong></span> <span class='ocrx_word' id='word_1_310' title='bbox 382 3220 406 3264; x_wconf 89' lang='grc'><strong>44</strong></span> <span class='ocrx_word' id='word_1_311' title='bbox 420 3228 483 3278; x_wconf 70' lang='lat' dir='ltr'>pop.</span> <span class='ocrx_word' id='word_1_312' title='bbox 497 3220 548 3268; x_wconf 82' lang='grc'><strong>244</strong></span> <span class='ocrx_word' id='word_1_313' title='bbox 566 3219 664 3267; x_wconf 75' lang='grc'><strong>44447</strong></span> <span class='ocrx_word' id='word_1_314' title='bbox 683 3216 694 3280; x_wconf 95' lang='grc'><strong>44</strong></span> <span class='ocrx_word' id='word_1_315' title='bbox 717 3216 985 3281; x_wconf 88' lang='lat' dir='ltr'>fidepromissoribus</span> <span class='ocrx_word' id='word_1_316' title='bbox 1012 3218 1155 3280; x_wconf 84' lang='lat' dir='ltr'>Goesoteu,</span> <span class='ocrx_word' id='word_1_317' title='bbox 1181 3218 1257 3268; x_wconf 87' lang='lat' dir='ltr'>fidei-</span> 
     </span>
     <span class='ocr_line' id='line_1_34' title="bbox 174 3283 1255 3351; baseline 0.004 -19"><span class='ocrx_word' id='word_1_318' title='bbox 174 3283 387 3348; x_wconf 89' lang='lat' dir='ltr'>permissoribus</span> <span class='ocrx_word' id='word_1_319' title='bbox 408 3283 451 3345; x_wconf 68' lang='grc'><strong>04,</strong></span> <span class='ocrx_word' id='word_1_320' title='bbox 472 3285 538 3347; x_wconf 86' lang='grc'><strong>404).</strong></span> <span class='ocrx_word' id='word_1_321' title='bbox 557 3283 896 3351; x_wconf 58' lang='lat' dir='ltr'>&amp;penetrauerat</span> <span class='ocrx_word' id='word_1_322' title='bbox 915 3291 946 3334; x_wconf 91' lang='grc'><strong>42</strong></span> <span class='ocrx_word' id='word_1_323' title='bbox 965 3300 1020 3337; x_wconf 92' lang='lat' dir='ltr'><strong>non</strong></span> <span class='ocrx_word' id='word_1_324' title='bbox 1035 3286 1175 3346; x_wconf 83' lang='lat' dir='ltr'>Goescteu,</span> <span class='ocrx_word' id='word_1_325' title='bbox 1195 3300 1255 3336; x_wconf 89' lang='lat' dir='ltr'>nam</span> 
     </span>
     <span class='ocr_line' id='line_1_35' title="bbox 177 3351 1254 3419; baseline 0.002 -16"><span class='ocrx_word' id='word_1_326' title='bbox 177 3352 203 3415; x_wconf 92' lang='grc'><strong>0,</strong></span> <span class='ocrx_word' id='word_1_327' title='bbox 224 3353 291 3415; x_wconf 73' lang='lat' dir='ltr'>cous.</span> <span class='ocrx_word' id='word_1_328' title='bbox 314 3351 345 3401; x_wconf 68' lang='grc' dir='ltr'><strong>0Ε</strong></span> <span class='ocrx_word' id='word_1_329' title='bbox 359 3367 421 3416; x_wconf 73' lang='lat' dir='ltr'>pop.</span> <span class='ocrx_word' id='word_1_330' title='bbox 435 3356 486 3406; x_wconf 84' lang='grc'><strong>244</strong></span> <span class='ocrx_word' id='word_1_331' title='bbox 505 3352 515 3416; x_wconf 95' lang='grc'><strong>44</strong></span> <span class='ocrx_word' id='word_1_332' title='bbox 536 3356 567 3401; x_wconf 84' lang='grc'><strong>44</strong></span> <span class='ocrx_word' id='word_1_333' title='bbox 587 3352 780 3403; x_wconf 89' lang='lat' dir='ltr'>fideiussorum</span> <span class='ocrx_word' id='word_1_334' title='bbox 801 3354 939 3414; x_wconf 86' lang='grc'><strong>00444444,</strong></span> <span class='ocrx_word' id='word_1_335' title='bbox 959 3355 1104 3406; x_wconf 88' lang='lat' dir='ltr'>fideiussor</span> <span class='ocrx_word' id='word_1_336' title='bbox 1124 3354 1168 3419; x_wconf 76' lang='lat'>0¹1,</span> <span class='ocrx_word' id='word_1_337' title='bbox 1189 3356 1254 3418; x_wconf 85' lang='grc'><strong>4044.</strong></span> 
     </span>
     <span class='ocr_line' id='line_1_36' title="bbox 177 3420 1254 3488; baseline 0.003 -17"><span class='ocrx_word' id='word_1_338' title='bbox 177 3420 208 3471; x_wconf 70' lang='grc'><strong>04</strong></span> <span class='ocrx_word' id='word_1_339' title='bbox 222 3434 285 3485; x_wconf 72' lang='lat' dir='ltr'>pop.</span> <span class='ocrx_word' id='word_1_340' title='bbox 299 3425 350 3473; x_wconf 85' lang='grc'><strong>249</strong></span> <span class='ocrx_word' id='word_1_341' title='bbox 371 3421 382 3485; x_wconf 96' lang='grc'><strong>44</strong></span> <span class='ocrx_word' id='word_1_342' title='bbox 405 3422 507 3471; x_wconf 85' lang='lat' dir='ltr'>mentio</span> <span class='ocrx_word' id='word_1_343' title='bbox 526 3422 649 3485; x_wconf 73' lang='lat' dir='ltr'>Holtwep,</span> <span class='ocrx_word' id='word_1_344' title='bbox 675 3423 760 3471; x_wconf 91' lang='lat' dir='ltr'>menti</span> <span class='ocrx_word' id='word_1_345' title='bbox 781 3421 816 3472; x_wconf 74' lang='grc'><strong>04</strong></span> <span class='ocrx_word' id='word_1_346' title='bbox 834 3422 845 3486; x_wconf 95' lang='grc'><strong>44</strong></span> <span class='ocrx_word' id='word_1_347' title='bbox 870 3425 901 3471; x_wconf 90' lang='grc'><strong>44</strong></span> <span class='ocrx_word' id='word_1_348' title='bbox 919 3438 1001 3474; x_wconf 90' lang='lat' dir='ltr'>usum</span> <span class='ocrx_word' id='word_1_349' title='bbox 1022 3423 1069 3486; x_wconf 92' lang='grc'><strong>044</strong></span> <span class='ocrx_word' id='word_1_350' title='bbox 1087 3424 1254 3488; x_wconf 88' lang='lat' dir='ltr'>praedicere]</span> 
     </span>
     <span class='ocr_line' id='line_1_37' title="bbox 174 3490 1257 3556; baseline 0.002 -16"><span class='ocrx_word' id='word_1_351' title='bbox 174 3491 241 3553; x_wconf 86' lang='grc'><strong>4044.</strong></span> <span class='ocrx_word' id='word_1_352' title='bbox 266 3490 297 3540; x_wconf 67' lang='grc'><strong>04</strong></span> <span class='ocrx_word' id='word_1_353' title='bbox 311 3504 374 3554; x_wconf 71' lang='lat' dir='ltr'>pop.</span> <span class='ocrx_word' id='word_1_354' title='bbox 388 3495 439 3545; x_wconf 84' lang='grc'><strong>244</strong></span> <span class='ocrx_word' id='word_1_355' title='bbox 452 3491 499 3552; x_wconf 80' lang='lat' dir='ltr'>tuf.</span> <span class='ocrx_word' id='word_1_356' title='bbox 521 3490 533 3552; x_wconf 94' lang='grc'><strong>44</strong></span> <span class='ocrx_word' id='word_1_357' title='bbox 552 3493 582 3538; x_wconf 84' lang='grc'><strong>45</strong></span> <span class='ocrx_word' id='word_1_358' title='bbox 602 3490 668 3553; x_wconf 85' lang='lat' dir='ltr'>legis</span> <span class='ocrx_word' id='word_1_359' title='bbox 686 3490 825 3540; x_wconf 84' lang='lat' dir='ltr'>Corneliae</span> <span class='ocrx_word' id='word_1_360' title='bbox 847 3492 990 3553; x_wconf 86' lang='grc'><strong>00444444,</strong></span> <span class='ocrx_word' id='word_1_361' title='bbox 1016 3493 1105 3556; x_wconf 86' lang='lat' dir='ltr'>legum</span> <span class='ocrx_word' id='word_1_362' title='bbox 1127 3494 1205 3556; x_wconf 82' lang='grc'><strong>44044.</strong></span> <span class='ocrx_word' id='word_1_363' title='bbox 1227 3491 1257 3542; x_wconf 73' lang='grc'><strong>04</strong></span> 
     </span>
     <span class='ocr_line' id='line_1_38' title="bbox 170 3558 1255 3625; baseline 0.002 -17"><span class='ocrx_word' id='word_1_364' title='bbox 170 3571 234 3622; x_wconf 78' lang='lat' dir='ltr'>pop.</span> <span class='ocrx_word' id='word_1_365' title='bbox 247 3561 309 3620; x_wconf 96' lang='grc'><strong>274)</strong></span> <span class='ocrx_word' id='word_1_366' title='bbox 330 3561 456 3610; x_wconf 89' lang='lat' dir='ltr'>corniliae</span> <span class='ocrx_word' id='word_1_367' title='bbox 478 3559 525 3622; x_wconf 93' lang='grc'><strong>044</strong></span> <span class='ocrx_word' id='word_1_368' title='bbox 543 3558 670 3609; x_wconf 72' lang='lat' dir='ltr'>omnibus</span> <span class='ocrx_word' id='word_1_369' title='bbox 689 3560 747 3621; x_wconf 86' lang='grc'><strong>4440)</strong></span> <span class='ocrx_word' id='word_1_370' title='bbox 770 3559 796 3621; x_wconf 90' lang='grc'><strong>0,</strong></span> <span class='ocrx_word' id='word_1_371' title='bbox 816 3561 882 3623; x_wconf 72' lang='lat' dir='ltr'>cous.</span> <span class='ocrx_word' id='word_1_372' title='bbox 903 3560 934 3610; x_wconf 68' lang='grc'><strong>04</strong></span> <span class='ocrx_word' id='word_1_373' title='bbox 948 3575 1010 3625; x_wconf 72' lang='lat' dir='ltr'>pop.</span> <span class='ocrx_word' id='word_1_374' title='bbox 1024 3565 1077 3616; x_wconf 83' lang='grc'><strong>442</strong></span> <span class='ocrx_word' id='word_1_375' title='bbox 1099 3561 1110 3625; x_wconf 96' lang='grc'><strong>44</strong></span> <span class='ocrx_word' id='word_1_376' title='bbox 1134 3565 1166 3610; x_wconf 84' lang='grc'><strong>46</strong></span> <span class='ocrx_word' id='word_1_377' title='bbox 1185 3561 1255 3612; x_wconf 93' lang='lat' dir='ltr'>idem</span> 
     </span>
     <span class='ocr_line' id='line_1_39' title="bbox 177 3627 1255 3692; baseline 0.004 -16"><span class='ocrx_word' id='word_1_378' title='bbox 177 3627 316 3688; x_wconf 82' lang='lat' dir='ltr'>Goescteu,</span> <span class='ocrx_word' id='word_1_379' title='bbox 336 3629 363 3679; x_wconf 92' lang='lat' dir='ltr'>id</span> <span class='ocrx_word' id='word_1_380' title='bbox 384 3629 411 3690; x_wconf 91' lang='grc'><strong>0,</strong></span> <span class='ocrx_word' id='word_1_381' title='bbox 432 3629 499 3690; x_wconf 85' lang='grc'><strong>4044.</strong></span> <span class='ocrx_word' id='word_1_382' title='bbox 522 3628 553 3679; x_wconf 74' lang='lat'><strong>0²</strong></span> <span class='ocrx_word' id='word_1_383' title='bbox 568 3642 630 3692; x_wconf 72' lang='grc'><strong>404.</strong></span> <span class='ocrx_word' id='word_1_384' title='bbox 645 3632 696 3682; x_wconf 86' lang='grc'><strong>242</strong></span> <span class='ocrx_word' id='word_1_385' title='bbox 720 3627 731 3690; x_wconf 95' lang='grc'><strong>44</strong></span> <span class='ocrx_word' id='word_1_386' title='bbox 757 3632 787 3677; x_wconf 83' lang='grc'><strong>44</strong></span> <span class='ocrx_word' id='word_1_387' title='bbox 807 3629 882 3680; x_wconf 90' lang='lat' dir='ltr'>milia</span> <span class='ocrx_word' id='word_1_388' title='bbox 900 3631 1059 3690; x_wconf 82' lang='lat' dir='ltr'>loctmouu,</span> <span class='ocrx_word' id='word_1_389' title='bbox 1080 3630 1192 3680; x_wconf 86' lang='lat' dir='ltr'>milibus</span> <span class='ocrx_word' id='word_1_390' title='bbox 1212 3630 1255 3692; x_wconf 76' lang='lat'>0¹¹,</span> 
     </span>
     <span class='ocr_line' id='line_1_40' title="bbox 174 3694 1256 3765; baseline 0.005 -21"><span class='ocrx_word' id='word_1_391' title='bbox 174 3698 240 3759; x_wconf 84' lang='grc'><strong>4044.</strong></span> <span class='ocrx_word' id='word_1_392' title='bbox 264 3696 294 3746; x_wconf 76' lang='grc'><strong>04</strong></span> <span class='ocrx_word' id='word_1_393' title='bbox 309 3710 372 3761; x_wconf 74' lang='lat' dir='ltr'>pop.</span> <span class='ocrx_word' id='word_1_394' title='bbox 386 3701 438 3753; x_wconf 87' lang='grc'><strong>274</strong></span> <span class='ocrx_word' id='word_1_395' title='bbox 460 3698 471 3761; x_wconf 97' lang='grc'><strong>44</strong></span> <span class='ocrx_word' id='word_1_396' title='bbox 493 3695 547 3765; x_wconf 91' lang='lat' dir='ltr'>(uel</span> <span class='ocrx_word' id='word_1_397' title='bbox 571 3694 753 3764; x_wconf 84' lang='lat' dir='ltr'>fideiussores)</span> <span class='ocrx_word' id='word_1_398' title='bbox 776 3699 848 3748; x_wconf 85' lang='grc'><strong>04044</strong></span> <span class='ocrx_word' id='word_1_399' title='bbox 869 3699 985 3749; x_wconf 77' lang='lat' dir='ltr'>Huschke</span> <span class='ocrx_word' id='word_1_400' title='bbox 1005 3705 1065 3760; x_wconf 82' lang='lat' dir='ltr'>post</span> <span class='ocrx_word' id='word_1_401' title='bbox 1086 3698 1256 3763; x_wconf 86' lang='lat' dir='ltr'>fidepromis—</span> 
     </span>
     <span class='ocr_line' id='line_1_41' title="bbox 174 3765 1255 3831; baseline 0.003 -18"><span class='ocrx_word' id='word_1_402' title='bbox 174 3777 250 3814; x_wconf 81' lang='lat' dir='ltr'>sores</span> <span class='ocrx_word' id='word_1_403' title='bbox 268 3765 279 3828; x_wconf 95' lang='grc'><strong>44</strong></span> <span class='ocrx_word' id='word_1_404' title='bbox 299 3770 328 3814; x_wconf 80' lang='grc'><strong>49</strong></span> <span class='ocrx_word' id='word_1_405' title='bbox 348 3768 508 3831; x_wconf 86' lang='lat' dir='ltr'>ampliorem</span> <span class='ocrx_word' id='word_1_406' title='bbox 530 3767 668 3829; x_wconf 82' lang='lat' dir='ltr'>Goescteu,</span> <span class='ocrx_word' id='word_1_407' title='bbox 689 3768 807 3830; x_wconf 85' lang='lat' dir='ltr'>amplam</span> <span class='ocrx_word' id='word_1_408' title='bbox 827 3766 872 3830; x_wconf 91' lang='grc'><strong>044</strong></span> <span class='ocrx_word' id='word_1_409' title='bbox 889 3768 913 3816; x_wconf 86' lang='lat' dir='ltr'>si</span> <span class='ocrx_word' id='word_1_410' title='bbox 933 3767 960 3829; x_wconf 91' lang='grc'><strong>0,</strong></span> <span class='ocrx_word' id='word_1_411' title='bbox 981 3769 1046 3817; x_wconf 85' lang='grc'><strong>44444</strong></span> <span class='ocrx_word' id='word_1_412' title='bbox 1060 3768 1177 3818; x_wconf 76' lang='lat' dir='ltr'>Huschke</span> <span class='ocrx_word' id='word_1_413' title='bbox 1194 3767 1205 3831; x_wconf 97' lang='grc'><strong>44</strong></span> <span class='ocrx_word' id='word_1_414' title='bbox 1225 3772 1255 3817; x_wconf 76' lang='lat' dir='ltr'><strong>tt</strong></span> 
     </span>
     <span class='ocr_line' id='line_1_42' title="bbox 173 3830 1256 3901; baseline 0.006 -21"><span class='ocrx_word' id='word_1_415' title='bbox 173 3837 240 3880; x_wconf 85' lang='grc'><strong>-24</strong></span> <span class='ocrx_word' id='word_1_416' title='bbox 260 3830 268 3898; x_wconf 92' lang='grc'><strong>4</strong></span> <span class='ocrx_word' id='word_1_417' title='bbox 280 3830 288 3899; x_wconf 91' lang='grc'><strong>4</strong></span> <span class='ocrx_word' id='word_1_418' title='bbox 305 3835 367 3884; x_wconf 87' lang='grc'><strong>4444</strong></span> <span class='ocrx_word' id='word_1_419' title='bbox 378 3836 434 3897; x_wconf 71' lang='lat' dir='ltr'>fero</span> <span class='ocrx_word' id='word_1_420' title='bbox 445 3837 573 3886; x_wconf 81' lang='grc'><strong>4444404440</strong></span> <span class='ocrx_word' id='word_1_421' title='bbox 585 3836 697 3897; x_wconf 78' lang='grc'><strong>4444444·</strong></span> <span class='ocrx_word' id='word_1_422' title='bbox 707 3839 795 3899; x_wconf 70' lang='lat' dir='ltr'>grotta</span> <span class='ocrx_word' id='word_1_423' title='bbox 807 3837 896 3886; x_wconf 80' lang='grc'><strong>404440</strong></span> <span class='ocrx_word' id='word_1_424' title='bbox 907 3840 976 3897; x_wconf 88' lang='grc'><strong>4044,</strong></span> <span class='ocrx_word' id='word_1_425' title='bbox 991 3837 1058 3898; x_wconf 87' lang='grc'><strong>0044.</strong></span> <span class='ocrx_word' id='word_1_426' title='bbox 1075 3835 1106 3885; x_wconf 75' lang='lat'><strong>0²</strong></span> <span class='ocrx_word' id='word_1_427' title='bbox 1123 3836 1135 3901; x_wconf 97' lang='grc'><strong>44</strong></span> <span class='ocrx_word' id='word_1_428' title='bbox 1153 3839 1185 3887; x_wconf 89' lang='grc'><strong>22</strong></span> <span class='ocrx_word' id='word_1_429' title='bbox 1200 3840 1256 3886; x_wconf 89' lang='lat' dir='ltr'><strong>tum</strong></span> 
     </span>
     <span class='ocr_line' id='line_1_43' title="bbox 175 3901 1256 3969; baseline 0.004 -19"><span class='ocrx_word' id='word_1_430' title='bbox 175 3901 246 3964; x_wconf 83' lang='lat' dir='ltr'>oum]</span> <span class='ocrx_word' id='word_1_431' title='bbox 268 3904 332 3952; x_wconf 90' lang='lat' dir='ltr'>tunc</span> <span class='ocrx_word' id='word_1_432' title='bbox 353 3903 379 3965; x_wconf 90' lang='grc'><strong>0,</strong></span> <span class='ocrx_word' id='word_1_433' title='bbox 400 3905 467 3966; x_wconf 86' lang='grc'><strong>4044.</strong></span> <span class='ocrx_word' id='word_1_434' title='bbox 488 3904 519 3955; x_wconf 64' lang='grc'><strong>04</strong></span> <span class='ocrx_word' id='word_1_435' title='bbox 534 3919 596 3969; x_wconf 72' lang='lat' dir='ltr'>pop.</span> <span class='ocrx_word' id='word_1_436' title='bbox 609 3909 659 3956; x_wconf 86' lang='grc'><strong>244</strong></span> <span class='ocrx_word' id='word_1_437' title='bbox 677 3919 748 3956; x_wconf 81' lang='grc'><strong>4444.</strong></span> <span class='ocrx_word' id='word_1_438' title='bbox 762 3907 795 3955; x_wconf 89' lang='grc'><strong>27</strong></span> <span class='ocrx_word' id='word_1_439' title='bbox 813 3903 824 3967; x_wconf 95' lang='grc'><strong>44</strong></span> <span class='ocrx_word' id='word_1_440' title='bbox 843 3905 1010 3954; x_wconf 87' lang='lat' dir='ltr'>contrahitur</span> <span class='ocrx_word' id='word_1_441' title='bbox 1030 3905 1170 3966; x_wconf 86' lang='grc'><strong>00444444,</strong></span> <span class='ocrx_word' id='word_1_442' title='bbox 1190 3917 1256 3955; x_wconf 91' lang='lat' dir='ltr'>eon-</span> 
     </span>
     <span class='ocr_line' id='line_1_44' title="bbox 174 3969 1254 4037; baseline 0.006 -20"><span class='ocrx_word' id='word_1_443' title='bbox 174 3969 317 4032; x_wconf 61' lang='grc'><strong>4404444041,</strong></span> <span class='ocrx_word' id='word_1_444' title='bbox 336 3972 401 4034; x_wconf 84' lang='grc'><strong>0044.</strong></span> <span class='ocrx_word' id='word_1_445' title='bbox 423 3973 455 4024; x_wconf 68' lang='grc'><strong>04</strong></span> <span class='ocrx_word' id='word_1_446' title='bbox 470 3987 531 4037; x_wconf 78' lang='lat' dir='ltr'>pop.</span> <span class='ocrx_word' id='word_1_447' title='bbox 546 3979 599 4025; x_wconf 80' lang='grc'><strong>444</strong></span> <span class='ocrx_word' id='word_1_448' title='bbox 616 3972 627 4036; x_wconf 95' lang='grc'><strong>44</strong></span> <span class='ocrx_word' id='word_1_449' title='bbox 645 3977 675 4022; x_wconf 83' lang='grc'><strong>24</strong></span> <span class='ocrx_word' id='word_1_450' title='bbox 697 3975 794 4035; x_wconf 77' lang='lat' dir='ltr'>(priore</span> <span class='ocrx_word' id='word_1_451' title='bbox 813 3974 876 4036; x_wconf 89' lang='grc'><strong>4040)</strong></span> <span class='ocrx_word' id='word_1_452' title='bbox 896 3976 938 4022; x_wconf 85' lang='grc'><strong>444</strong></span> <span class='ocrx_word' id='word_1_453' title='bbox 958 3974 1097 4035; x_wconf 86' lang='grc'><strong>00444444,</strong></span> <span class='ocrx_word' id='word_1_454' title='bbox 1119 3976 1193 4024; x_wconf 86' lang='lat' dir='ltr'>esset</span> <span class='ocrx_word' id='word_1_455' title='bbox 1211 3973 1254 4034; x_wconf 78' lang='lat'><strong>0¹¹,</strong></span> 
     </span>
     <span class='ocr_line' id='line_1_45' title="bbox 174 4037 1256 4107; baseline 0.005 -19"><span class='ocrx_word' id='word_1_456' title='bbox 174 4038 241 4101; x_wconf 84' lang='grc'><strong>4044.</strong></span> <span class='ocrx_word' id='word_1_457' title='bbox 264 4037 295 4087; x_wconf 66' lang='grc'><strong>04</strong></span> <span class='ocrx_word' id='word_1_458' title='bbox 312 4052 373 4102; x_wconf 76' lang='lat' dir='ltr'>pop.</span> <span class='ocrx_word' id='word_1_459' title='bbox 387 4045 438 4093; x_wconf 88' lang='grc'><strong>244</strong></span> <span class='ocrx_word' id='word_1_460' title='bbox 459 4040 469 4103; x_wconf 96' lang='grc'><strong>44</strong></span> <span class='ocrx_word' id='word_1_461' title='bbox 491 4057 560 4106; x_wconf 85' lang='lat' dir='ltr'>quae</span> <span class='ocrx_word' id='word_1_462' title='bbox 585 4044 683 4092; x_wconf 82' lang='grc'><strong>0444044</strong></span> <span class='ocrx_word' id='word_1_463' title='bbox 703 4043 845 4104; x_wconf 88' lang='grc'><strong>00444444,</strong></span> <span class='ocrx_word' id='word_1_464' title='bbox 872 4055 921 4094; x_wconf 85' lang='lat' dir='ltr'><strong>om.</strong></span> <span class='ocrx_word' id='word_1_465' title='bbox 944 4041 972 4103; x_wconf 91' lang='grc'><strong>0,</strong></span> <span class='ocrx_word' id='word_1_466' title='bbox 992 4042 1059 4103; x_wconf 86' lang='grc'><strong>4044.</strong></span> <span class='ocrx_word' id='word_1_467' title='bbox 1082 4041 1112 4092; x_wconf 74' lang='grc'><strong>04</strong></span> <span class='ocrx_word' id='word_1_468' title='bbox 1127 4057 1192 4107; x_wconf 70' lang='lat' dir='ltr'>pop.</span> <span class='ocrx_word' id='word_1_469' title='bbox 1205 4047 1256 4096; x_wconf 81' lang='grc'><strong>244</strong></span> 
     </span>
     <span class='ocr_line' id='line_1_46' title="bbox 173 4108 584 4172; baseline 0.012 -16"><span class='ocrx_word' id='word_1_470' title='bbox 173 4108 274 4159; x_wconf 76' lang='grc'><strong>44447</strong></span> <span class='ocrx_word' id='word_1_471' title='bbox 293 4108 303 4171; x_wconf 96' lang='grc'><strong>44</strong></span> <span class='ocrx_word' id='word_1_472' title='bbox 324 4110 355 4156; x_wconf 86' lang='grc'><strong>24</strong></span> <span class='ocrx_word' id='word_1_473' title='bbox 374 4108 538 4172; x_wconf 84' lang='lat' dir='ltr'>obligatione</span> <span class='ocrx_word' id='word_1_474' title='bbox 558 4111 584 4162; x_wconf 88' lang='grc'><strong>0.</strong></span> 
     </span>
    </p>
   </div>
   <div class='ocr_carea' id='block_1_6' title="bbox 0 0 1456 4830">
    <p class='ocr_par' dir='ltr' id='par_1_10' title="bbox 0 0 1456 4830">
     <span class='ocr_line' id='line_1_47' title="bbox 0 0 1456 4830; baseline 0 2"><span class='ocrx_word' id='word_1_475' title='bbox 0 0 1456 4830; x_wconf 95' lang='lat' dir='ltr'><strong> </strong></span> 
     </span>
    </p>
   </div>
  </div>
 </body>
</html>
