2902 4830
256 299 459 366 trador-stt
646 333 733 345 ...-
777 297 817 362 88
861 333 948 345 -.
993 286 996 292 ’

255 490 355 551 tarius
380 490 578 568 ooniunetus,
613 490 639 550 si
662 487 779 550 liberos
802 488 929 566 habeat,
963 488 1066 568 potior
1088 488 1128 548 sit
1151 485 1340 566 heredibus,

170 576 232 639 208
256 576 379 637 etiamsi
402 574 517 636 liberos
538 574 713 636 habebunt.
754 574 817 636 Sed
839 574 1002 653 plerisque
1025 575 1155 654 placuit,
1184 582 1344 652 quantum

256 659 295 722 ad
326 661 384 721 hoo
415 661 463 722 ius
496 659 581 740 quod
603 661 672 740 lege
697 659 789 740 Papia
812 661 985 720 coniunctis
1008 659 1228 738 constituitur,
1263 660 1345 720 nihil

256 748 428 824 interesse,
462 755 570 808 utrum
601 765 660 827 per
686 745 935 808 uindicationem
964 763 1004 806 an
1027 765 1085 825 per
1107 745 1344 808 damnationem

256 833 394 911 legatum
418 832 469 893 sit.
1364 849 1380 894 s

171 920 233 982 209
343 917 474 979 Sinendi
503 916 594 979 modo
624 917 667 978 ita
693 917 834 998 legamus
856 935 945 978 uerus
968 935 1040 977 uurs
1062 935 1177 977 neuras
1199 935 1276 979 usro
1301 936 1346 978 sr-

169 1006 230 1068 240
256 1022 328 1065 urar
350 1022 377 1064 ι.
397 1021 499 1064 rrrrvu
521 1022 655 1065 romanu
679 1021 812 1064 srroavu
830 1020 941 1063 sturme
959 1021 1072 1075 smerr
1088 1022 1209 1080 aarum.
1251 1002 1345 1076 Quod

255 1108 355 1170 genus
382 1089 477 1171 legati
500 1090 574 1169 plus
597 1088 726 1169 quidem
749 1089 844 1150 habet
868 1084 990 1171 <quom>
1013 1106 1071 1168 per
1093 1088 1344 1151 uindicationem

254 1176 409 1255 legatum,
442 1175 547 1236 miuus
576 1184 682 1236 autem
713 1193 807 1254 quam
836 1193 895 1254 por
923 1174 1163 1236 damnationem.
1205 1194 1280 1236 uam
1307 1193 1378 1237 eoo

256 1261 347 1323 modo
370 1280 432 1323 nou
456 1261 557 1323 solum
581 1279 671 1323 suam
693 1280 761 1322 rem
777 1257 789 1342 ΙΙ
805 1268 937 1322 testator
958 1260 1080 1321 utiliter
1102 1261 1207 1340 legare
1223 1270 1340 1341 potest,
1353 1277 1439 1339 pg.ttt

256 1347 312 1408 sed
335 1347 430 1409 etiam
454 1346 580 1409 heredis
596 1347 663 1422 sui3
692 1366 763 1407 oum
785 1346 927 1425 alioquin
943 1365 1002 1426 per
1015 1345 1263 1408 uindicationem
1279 1347 1344 1409 nisi

191 1454 193 1458 “
256 1452 344 1495 suam
366 1452 433 1494 rem
449 1435 555 1514 legare
570 1451 633 1494 non
649 1442 762 1513 potest,
788 1451 847 1512 per
861 1431 1094 1494 damnationem
1110 1441 1216 1493 autem
1233 1434 1345 1495 ouius-

170 1520 226 1582 2ll
256 1518 335 1590 libet
350 1518 491 1581 extranei
506 1539 573 1580 rem
589 1520 694 1599 legare
708 1526 824 1599 potest.
864 1517 928 1580 Sed
943 1517 1101 1597 siquidem
1117 1520 1228 1580 mortis
1242 1527 1346 1580 testa-

254 1607 332 1667 toris
354 1613 495 1684 tempore
519 1623 571 1666 res
593 1605 646 1666 uel
669 1605 771 1685 ipsius
786 1604 944 1666 testatoris
959 1605 1001 1665 sit
1017 1604 1068 1665 uel
1083 1603 1221 1681 heredis,
1246 1606 1344 1685 plano

256 1691 336 1752 utile
359 1691 495 1770 legatum
519 1699 578 1768 est,
603 1691 728 1752 etiamsi
749 1690 930 1752 testamenti
948 1690 1085 1752 faciendi
1102 1699 1245 1770 temporo
1261 1709 1344 1752 nou·
1362 1709 1394 1755 ts

172 1777 234 1838 244
257 1776 338 1837 trius
361 1775 467 1836 luerit.
512 1775 632 1848 Quodsi
654 1784 725 1855 post
747 1785 879 1837 mortem
902 1774 1060 1837 testatoris
1083 1794 1120 1837 ea
1141 1795 1194 1838 res
1216 1776 1345 1838 heredis

255 1879 324 1923 esse
348 1862 503 1939 eoeperit,
536 1862 702 1940 quaeritur
723 1880 764 1922 an
785 1863 865 1923 utile
887 1863 928 1922 sit
951 1862 1100 1942 legatum.
1140 1871 1173 1923 et
1194 1861 1343 1942 plerique

254 1955 368 2027 putant
390 1947 502 2006 inutile
527 1965 608 2008 osse.
641 1947 720 2026 quid
743 1966 816 2027 ergo
839 1949 908 2009 est?
942 1947 1017 2009 lioet
1039 1947 1155 2027 aliquis
1179 1967 1250 2010 eam
1274 1967 1343 2010 rem

254 2033 409 2113 legauerit
424 2050 505 2111 quae
521 2050 627 2111 noque
643 2034 711 2094 eius
726 2051 877 2112 umquam
894 2033 990 2095 luerit
1005 2051 1111 2112 neque
1126 2043 1236 2114 postea
1251 2035 1343 2095 here·

254 2117 304 2179 dis
334 2119 403 2180 eius
429 2136 579 2197 umquam
603 2137 672 2180 esse
696 2119 852 2199 eoeperit,
886 2138 926 2180 ex
948 2120 1220 2181 senatusconsulto
1243 2121 1344 2183 Nero·
1363 2137 1392 2182 49

255 2205 349 2265 niano
373 2203 506 2284 proinde
529 2203 668 2283 uidetur,
694 2223 730 2266 ae
752 2207 779 2266 si
797 2224 856 2285 per
871 2204 1103 2266 damnationem
1119 2207 1228 2267 relicta
1244 2215 1339 2268 esset.

169 2291 230 2353 243
257 2289 347 2352 Siout
368 2299 474 2352 autem
506 2309 564 2370 per
595 2289 828 2352 damnationem
857 2292 960 2370 legata
982 2309 1033 2352 res
1055 2310 1118 2352 uon
1141 2293 1248 2353 statim
1272 2301 1344 2373 post

255 2376 372 2438 aditam
394 2376 602 2439 hereditatem
625 2377 766 2457 legatarii
789 2376 934 2457 eflicitur,
960 2376 1018 2438 sed
1039 2387 1146 2443 manet
1159 2377 1291 2440 heredis
1305 2398 1343 2440 eo

253 2481 373 2543 usque,
407 2461 508 2525 donee
537 2464 564 2525 is
591 2462 704 2545 [heres]
737 2462 892 2525 tradendo
921 2462 977 2524 uel
998 2463 1208 2544 mancipando
1230 2465 1285 2526 uel
1308 2466 1342 2525 in

254 2549 287 2609 in
317 2551 387 2610 iure
418 2548 560 2611 cedendo
588 2548 732 2629 legatarii
763 2568 832 2610 eam
862 2549 993 2628 lecerit,
1026 2551 1069 2611 ita
1100 2559 1132 2611 et
1157 2551 1191 2610 in
1214 2549 1342 2611 sinendi
1361 2568 1392 2613 45

256 2634 347 2696 modo
370 2635 473 2715 legato
495 2635 573 2697 iuris
596 2644 661 2711 est;
689 2644 721 2696 et
743 2634 814 2697 ideo
837 2634 933 2696 huius
957 2653 1084 2715 quoquo
1103 2635 1197 2714 legati
1214 2638 1343 2698 nomine

255 2722 289 2781 in
310 2739 479 2799 personam
501 2723 581 2783 actio
604 2730 653 2783 est
675 2740 816 2794 Qerrm
839 2739 972 2783 urrunnu
993 2741 1030 2781 rx
1054 2741 1241 2784 rusrauuuro
1265 2741 1343 2784 narr

169 2805 230 2868 244
255 2824 363 2866 saorra
380 2824 525 2866 oroarur.
566 2807 647 2868 Sunt
668 2815 774 2868 tamen
798 2808 853 2886 qui
876 2816 991 2886 putant
1013 2826 1053 2867 ex
1075 2808 1129 2868 hoo
1153 2807 1256 2888 legato
1279 2826 1343 2868 non

255 2890 359 2952 uideri
382 2889 556 2970 obligatum
578 2891 739 2971 heredem,
766 2902 802 2954 ut
824 2893 983 2972 mancipet
1005 2903 1060 2954 aut
1082 2893 1116 2953 in
1136 2893 1204 2955 iure
1220 2893 1313 2955 cedat
1335 2890 1344 2976 ll
1361 2912 1391 2958 49

255 2987 309 3037 aut
331 2976 451 3054 tradat,
487 2975 545 3038 sed
567 2977 712 3040 sulficere
736 2988 772 3040 ut
794 2979 980 3058 legatarium
1003 2997 1070 3039 rem
1094 2998 1219 3040 sumere
1235 2981 1433 3060 patin-pg.tu

254 3072 323 3139 tur3
351 3063 426 3141 quia
449 3061 529 3122 nihil
552 3062 635 3125 ultra
658 3064 687 3124 ei
710 3072 841 3126 testator
862 3063 1043 3144 imperauit,
1070 3082 1163 3143 quam
1186 3073 1222 3126 ut
1242 3067 1338 3143 sinat,

90 3178 92 3180 ·
168 3147 230 3209 2l5
254 3146 288 3208 id
310 3157 358 3209 est
379 3148 529 3228 patiatur,
556 3149 742 3228 legatarium
764 3169 831 3211 rem
852 3149 909 3211 sibi
924 3150 1053 3212 habere.
1092 3151 1188 3213 Maior
1203 3151 1258 3214 illa
1273 3151 1343 3213 dis-

255 3235 358 3296 sensio
382 3234 415 3294 in
438 3233 496 3295 hoo
519 3235 621 3315 legato
639 3235 823 3314 interuenit,
850 3237 877 3297 si
894 3234 1027 3297 eandem
1044 3255 1110 3297 rem
1126 3236 1251 3299 duobus
1266 3238 1343 3317 plu-

255 3321 386 3382 ribusue
409 3319 590 3382 disiunctim
614 3322 742 3401 legasti;
771 3321 900 3401 quidam
916 3330 1030 3402 putant
1045 3324 1190 3402 utrisque
1207 3323 1341 3385 solidam

324 3565 457 3610 tenuras
478 3561 622 3621 demetere,
648 3560 830 3611 daredamnas
851 3560 870 3610 C
889 3561 966 3623 (eoos.
991 3562 1023 3612 Ca
1037 3575 1099 3625 paq.
1114 3567 1165 3616 2⁶2
1182 3576 1253 3613 uero.
1268 3565 1312 3622 49)
1333 3562 1345 3628 ll

253 3642 316 3678 nero
338 3629 477 3691 Goosoteo,
503 3631 546 3679 eto
568 3629 596 3689 C,
622 3629 689 3692 coos.
713 3629 744 3679 ca
759 3642 822 3692 pao.
837 3634 888 3683 aot
909 3629 920 3692 ΙΙ
944 3633 958 3679 8
978 3644 1060 3693 quom
1079 3631 1178 3681 addidit
1198 3631 1341 3691 Goesetnn,

254 3710 304 3745 9444.
322 3695 431 3759 0499444.
451 3698 482 3748 0²
497 3711 560 3761 pao.
574 3702 625 3751 494
644 3711 714 3748 uere.
731 3699 756 3757 t)
776 3698 787 3760 ΙΙ
805 3711 854 3762 per
874 3699 1013 3759 Goesoteo,
1028 3712 1077 3762 pro
1093 3698 1121 3758 C,
1141 3698 1208 3761 eoos.
1226 3699 1259 3750 Css
1274 3713 1338 3763 pao.

253 3764 719 3827 4444494944419449494494499949
741 3766 884 3830 Goeseteo,
906 3767 1144 3817 damnaoontmem
1166 3767 1194 3828 G,
1219 3769 1286 3830 roas.
1309 3769 1343 3820 0²

251 3845 314 3896 pay.
327 3837 378 3883 9944
390 3832 402 3897 ll
415 3837 447 3882 49
463 3848 592 3898 umquam
607 3836 744 3897 dearctare,
761 3848 862 3899 umque
877 3835 921 3895 0¹,
936 3836 1003 3897 eoos.
1022 3835 1124 3899 cepae.
1140 3842 1189 3888 494
1205 3833 1216 3899 ΙΙ
1226 3840 1254 3885 44
1273 3839 1341 3888 utile

255 3906 314 3950 onte
326 3901 437 3951 uidetur
455 3904 599 3954 desiderari
610 3909 695 3954 mouet
708 3905 826 3967 Kroeoor
839 3905 933 3954 collata
951 3903 963 3968 ᾗ
977 3906 1027 3954 497
1044 3903 1055 3967 ΙΙ
1074 3908 1105 3954 44
1125 3905 1205 3954 heres
1221 3904 1249 3966 C,
1270 3907 1342 3956 dele-

253 3972 293 4020 uit
306 3970 434 4019 Poleooor
451 3970 462 4034 11
480 3975 512 4021 45
532 3985 591 4022 eom
611 3986 645 4022 eor
662 3985 736 4023 esem
755 3978 899 4023 correctum
914 3972 934 4023 G
949 3972 960 4036 ΙΙ
979 3976 1010 4022 48
1030 3973 1103 4036 sunt]
1124 3973 1189 4036 conf.
1208 3973 1241 4024 ce
1259 3975 1270 4038 ll
1287 3975 1343 4024 hoo

257 4038 394 4099 Goesrlteo,
416 4038 434 4086 li
455 4039 499 4099 Cn,
526 4041 594 4102 eoos.
618 4041 650 4091 0³
664 4054 727 4104 paq.
741 4042 792 4094 270
811 4041 822 4104 ΙΙ
840 4044 866 4088 94
896 4045 926 4090 ut
947 4040 1086 4105 decretura,
1113 4044 1139 4091 ul
1161 4041 1260 4105 01439
1281 4057 1340 4093 rem

257 4106 394 4166 dorsetae,
410 4119 454 4157 ros
465 4107 510 4169 Cn,
522 4109 589 4170 eoos.
600 4108 630 4158 ca
639 4122 702 4172 paq.
712 4114 762 4161 494
775 4110 786 4173 ll
799 4112 830 4158 94
844 4110 1001 4160 disiunctim
1011 4111 1149 4175 troesenen,
1160 4110 1301 4162 disiuotim
1311 4110 1340 4162 0.
