2902 4830
623 273 919 314 ...χΙΙ-.-

179 455 285 508 tamen
307 463 413 506 meum
436 463 549 506 nomen
574 461 731 523 nusquam
753 441 925 522 adscripsi,
961 443 1110 521 quoniam
1139 458 1202 502 non
1225 449 1295 503 tam
1322 460 1379 503 re-

179 530 330 593 censendi
354 531 411 592 Gai
434 548 529 610 quam
553 529 777 591 intermortuae
801 529 976 609 scripturae
999 527 1114 589 codicis
1137 527 1376 607 Cplenissime

179 614 404 698 reciperandae
417 624 448 676 et
464 614 722 694 corrigendorum
737 616 920 695 uulgarium
934 612 1028 675 huius
1044 612 1160 675 codicis
1175 610 1376 676 mendorum

178 721 295 765 munus
317 700 358 763 ad
387 721 437 762 me
464 702 664 781 potissimum
692 702 862 781 pertinuit,
895 708 926 761 et
958 718 1032 760 sane
1062 699 1213 781 pauperis
1242 699 1375 780 ingenii

178 807 248 850 esse
272 806 312 848 ex
335 785 621 849 emendatiunculis
645 785 770 848 facilem
800 787 929 866 gloriam
959 803 1112 866 quaerere
1134 785 1321 846 Lachmann
1331 784 1368 868 18)

178 893 236 937 suo
266 874 336 934 iure
365 874 497 933 monuit.
551 873 669 945 Quodsi
707 873 779 952 quis
812 871 1035 952 amplissimam
1065 871 1322 932 coniecturarum
1354 891 1374 933 a

177 959 258 1021 uiris
279 958 381 1021 doctis
404 959 649 1038 excogitatarum
673 959 794 1039 copiam
816 977 1002 1038 cognoscere
1024 957 1116 1036 uelit,
1141 957 1169 1017 is
1192 954 1287 1018 adeat
1312 956 1372 1019 Gai
1441 1036 1444 1045 ὑ

156 1045 333 1108 editiones
361 1044 401 1106 ab
431 1044 578 1107 Eduardo
606 1045 763 1125 Boeoking
793 1063 874 1105 anno
898 1044 980 1103 4866
1010 1043 1133 1122 Lipsiae
1163 1050 1309 1104 curatam
1341 1052 1373 1105 et

178 1129 219 1192 ab
241 1130 375 1192 Ernesto
397 1131 516 1192 Dubois
539 1149 620 1192 anno
645 1131 721 1190 l88l
751 1130 877 1192 Parisiis
899 1129 1020 1210 publici
1044 1129 1122 1190 iuris
1144 1127 1269 1191 factam.

266 1216 344 1278 Cum
366 1219 465 1279 maior
486 1216 657 1279 difficultas
680 1218 713 1277 in
737 1216 811 1278 Gaio
834 1214 1031 1277 restituendo
1054 1233 1148 1294 quam
1177 1233 1217 1276 ex
1239 1213 1371 1276 mendis

179 1301 379 1364 librariorum
402 1301 518 1364 codicis
544 1304 567 1364 C
588 1302 661 1364 inde
685 1304 815 1379 oriatur,
847 1301 933 1383 quod
954 1302 1073 1362 multae
1095 1302 1189 1362 huius
1212 1300 1288 1361 libri
1314 1319 1370 1363 re-

179 1388 288 1470 scripti
311 1390 445 1471 paginae
461 1399 517 1450 aut
532 1398 615 1451 totae
630 1398 684 1451 aut
699 1409 738 1450 ex
753 1397 842 1469 parte
857 1386 950 1449 hodie
966 1387 1029 1468 legi
1044 1394 1219 1466 nequeunt,
1238 1405 1370 1450 summa

179 1476 324 1536 cautione
347 1476 397 1536 usi
421 1494 530 1536 sumus
552 1476 586 1536 in
608 1476 658 1536 his
680 1475 821 1537 hiatibus
850 1474 994 1535 lectionis
1015 1472 1206 1535 Veronensis
1228 1473 1369 1553 explen-

178 1560 227 1622 dis
239 1559 290 1641 ¹⁴).
328 1560 533 1621 Deseruimus
556 1561 653 1640 igitur
676 1580 738 1621 non
766 1579 884 1640 paucas
906 1559 1036 1620 lacinias
1059 1558 1225 1638 desperata
1249 1577 1369 1620 conec-

178 1645 267 1707 tendi
289 1643 438 1708 facultate
462 1665 498 1707 ac
519 1647 688 1706 maluimus
703 1647 873 1706 orationem
890 1645 1039 1707 Gaianam
1055 1644 1146 1713 foede
1161 1645 1249 1705 hiare
1267 1662 1368 1724 quam

177 1733 210 1792 in
233 1741 413 1811 pertusum,
439 1739 475 1791 ut
498 1750 568 1792 oum
591 1732 698 1792 Plauto
721 1731 841 1810 loquar,
868 1732 1014 1810 ingerere
1038 1729 1122 1792 dicta
1144 1728 1264 1791 dolium
1288 1748 1370 1808 ope-

177 1835 309 1896 ramque
332 1815 442 1877 ludere
464 1825 558 1896 atque
580 1815 659 1878 falsa
681 1817 735 1878 uel
758 1816 966 1878 incertissima
994 1817 1156 1877 contextui
1179 1814 1367 1878 obtrudere.

178 1903 264 1964 Hanc
292 1902 518 1963 abstinentiam
547 1902 737 1982 probaturos
766 1921 835 1964 esse
865 1903 1039 1982 philologos
1069 1899 1270 1977 confidimus,
1308 1902 1370 1963 sed

179 1990 327 2067 quoniam
350 1987 542 2049 inueterauit
564 1998 599 2050 ut
622 1990 655 2048 in
678 1988 769 2050 libris
788 1987 914 2050 iuridici
930 1989 1104 2068 argumenti
1121 1989 1252 2049 lacunae
1268 1989 1369 2067 paulo

177 2072 387 2134 confidentius
410 2074 626 2153 explerentur,
651 2083 782 2154 propter
797 2074 1044 2154 iurisconsultus,
1073 2073 1127 2153 qui
1145 2073 1271 2134 Gaianis
1296 2083 1370 2136 stu-

178 2159 240 2221 diis
262 2177 324 2220 non
347 2166 411 2220 tam
433 2170 563 2240 propter
582 2162 754 2221 orationem
769 2179 896 2240 operam
912 2159 988 2222 dare
1004 2160 1106 2222 solent
1122 2178 1216 2240 quam
1233 2169 1370 2239 propter

177 2254 416 2325 argumentum,
443 2247 475 2306 in
499 2245 756 2307 adnotationibus
779 2246 946 2327 apparatui
969 2248 1076 2307 critico
1099 2245 1228 2307 insertis
1251 2246 1368 2307 saltem

179 2349 214 2392 ea
239 2349 320 2410 quae
344 2331 376 2391 in
400 2331 516 2394 codicis
541 2332 564 2392 C
584 2332 723 2394 hiatibus
754 2332 828 2393 olim
860 2331 993 2394 infuisse
1023 2352 1093 2393 cum
1116 2332 1222 2411 aliqua
1245 2331 1368 2411 proba-

177 2416 300 2479 bilitate
323 2417 519 2497 uiderentur,
546 2418 770 2497 iudicauimus,
796 2418 873 2479 alibi
896 2427 996 2480 artem
1018 2416 1182 2479 nesciendi
1207 2435 1369 2478 exercen-

177 2501 249 2564 dam
264 2523 334 2566 esse
351 2505 510 2584 expressis
524 2505 632 2566 uerbis
647 2507 838 2567 monuimus.
870 2505 929 2567 Vbi
945 2505 1179 2566 enuntiatorum
1195 2504 1229 2563 in
1245 2502 1368 2565 codicis

179 2590 355 2652 Cleotione
378 2592 533 2652 hiantium
556 2592 648 2671 plura
671 2591 769 2653 uerba
791 2592 845 2652 uel
867 2601 1019 2652 commata
1042 2590 1108 2651 fere
1139 2591 1259 2669 integra
1282 2590 1318 2650 in
1345 2591 1371 2650 C

177 2829 207 2878 A.
227 2840 289 2877 van
309 2828 366 2879 der
385 2829 515 2878 Hoeven
539 2828 607 2879 locis
631 2830 734 2893 quinis;
760 2829 932 2879 Hermannus
951 2829 1084 2878 Henricus
1103 2829 1225 2891 fitting
1243 2827 1314 2879 locis
1335 2834 1364 2893 l;

178 2896 304 2946 Clemens
322 2899 457 2960 Augustus
477 2897 589 2947 Carolus
608 2896 741 2958 Klenze,
766 2896 918 2947 Fridericus
937 2897 976 2947 de
995 2897 1226 2956 Rohrsoheidt‚
1251 2897 1368 2950 Adolfus

178 2964 218 3015 de
236 2964 375 3015 Scheurl
394 2965 461 3016 locis
473 2967 572 3023 ternis3
594 2966 622 3015 C.
638 2966 751 3016 loannes
763 2965 916 3017 Alexander
927 2966 1125 3026 Baumbaoh,
1147 2966 1260 3017 Carolus
1272 2965 1369 3018 Ludo·

178 3033 255 3082 uicus
285 3033 435 3098 Capliok,
473 3033 635 3084 Bartholdus
673 3035 803 3097 Georgius
838 3034 1004 3095 Niebuhr,
1043 3036 1174 3098 Georgius
1209 3033 1368 3087 Friderious

178 3101 323 3161 Puchta,
344 3100 620 3153 AdolfusFriderious
639 3101 798 3162 Rudorff‚
819 3104 968 3166 Sander,
989 3103 1101 3154 Adolfus
1119 3103 1277 3154 Schmidt
1294 3103 1367 3156 locis

177 3169 263 3233 binis,
293 3171 429 3221 Henricus
452 3169 583 3222 Rudolfus
608 3171 832 3232 Brinkmann,
862 3172 1013 3223 Alexander
1033 3176 1168 3236 Augustus
1192 3172 1230 3221 de
1254 3173 1368 3224 Buch-

178 3238 288 3299 holtz,
320 3240 440 3290 Andreas
465 3239 616 3291 Guilelmus
639 3241 792 3301 Cramer,
824 3241 958 3292 Henricus
986 3241 1182 3305 Dernburg,
1216 3241 1368 3304 Gregorius

178 3306 391 3369 Haloander,
414 3311 549 3360 Gustauus
561 3309 691 3360 Ernestus
704 3308 907 3371 Heimbach,
928 3309 1065 3361 Gustauus
1084 3311 1190 3373 Hugo,
1211 3309 1367 3363 Guilelmus

177 3376 273 3438 Kalb,
301 3378 439 3443 Philippus
464 3379 614 3438 Lotmar,
643 3379 733 3443 Scipio
752 3377 882 3438 Maffei,
910 3379 1026 3429 lacobus
1047 3379 1241 3440 Muirhead,
1269 3380 1369 3432 Petrus

178 3445 359 3508 Pithoeus,
380 3446 492 3498 Carolus
504 3448 879 3509 MagnusPoeschmann,
894 3446 1190 3508 RudolfusSchoell,
1205 3447 1367 3500 Ludouicus

176 3514 351 3579 Sohopen,
378 3514 489 3566 Carolus
511 3517 648 3578 Augustus
665 3517 824 3567 Dominicus
843 3517 1100 3578 Vnterholzner,
1125 3516 1371 3569 CarolusAdolfus

176 3581 216 3632 de
229 3584 422 3647 Vangerow,
437 3584 548 3634 Carolus
559 3584 711 3648 Wieding
724 3585 792 3636 locis
804 3584 925 3649 singulis.
950 3587 1088 3636 Praeterea
1098 3584 1140 3638 W.
1153 3587 1187 3635 M.
1197 3583 1366 3651 d’Ablaing

176 3653 304 3714 quattuor
322 3652 524 3704 emendationes
547 3653 583 3704 ad
602 3655 651 3704 Gai
669 3653 770 3704 librum
788 3653 822 3703 lV
846 3655 1013 3718 pertinentes
1034 3658 1065 3704 ut
1084 3666 1366 3705 commemoraremus

175 3719 291 3782 benigne
310 3722 442 3786 permisit.
475 3721 706 3772 fidelissimorum
725 3722 842 3786 denique
860 3724 1012 3773 amicorum
1031 3722 1165 3773 Theodori
1184 3725 1366 3774 Mommsen

177 3787 256 3850 (locis
275 3791 314 3851 63)
345 3793 371 3839 et
393 3790 467 3840 Pauli
490 3791 640 3855 Krueger
661 3791 736 3853 (locis
756 3792 796 3855 50)
818 3794 930 3842 nomina
954 3805 1034 3857 saepe
1059 3793 1086 3841 in
1111 3796 1241 3856 apparatu
1266 3794 1368 3843 critico

176 3857 324 3922 adscripsi,
346 3857 447 3921 quibus
466 3864 596 3922 quantum
615 3859 713 3911 debeat
732 3861 823 3921 Gaius,
844 3863 934 3911 sciunt
952 3861 1049 3911 harum
1068 3874 1158 3911 rerum
1176 3862 1262 3926 periti.

246 3930 285 3986 tt)
307 3926 392 3977 Praef.
414 3927 448 3977 ad
467 3927 571 3979 Terent.
590 3930 675 3980 Maur.
693 3943 754 3994 pag.
768 3944 812 3980 vu.

173 4062 190 4112 Γ
246 3995 295 4131 pfl!
315 3997 345 4044 ln
369 3995 436 4046 locis
461 3996 598 4048 lacunosis
618 4011 749 4048 uersuum
772 3998 873 4049 codicis
895 3997 914 4048 C
936 3997 1052 4048 confinia
1075 3997 1287 4061 significauimus
1311 3998 1368 4049 hac

183 4077 271 4114 meoa
