2902 4830
291 319 324 368 111
344 316 483 383 §sta-u
673 351 758 362 —
804 317 864 379 116
908 351 993 362 ...-

291 507 361 569 beri
385 507 442 587 qui
464 504 650 566 nominatim
674 504 857 567 exheredati
879 523 942 565 non
966 502 1045 583 sint,
1075 503 1299 584 praeferantur
1321 523 1381 564 ex-

228 593 267 652 65
291 593 412 654 traneis
433 590 617 653 heredibus.
657 592 768 672 ltaque
792 591 1009 672 emancipatus
1033 590 1118 652 filius
1140 591 1266 670 patroni
1282 608 1381 670 prae-

291 681 404 740 teritus
427 677 576 757 quamuis
598 685 705 739 eontra
727 676 854 739 tabulas
876 674 1057 738 testamenti
1080 676 1221 756 parentis
1245 676 1297 737 sui
1320 675 1382 737 bn-

291 783 405 826 norum
420 765 651 844 possessionem
667 783 730 824 non
746 762 884 844 petierit,
911 771 1013 824 tamen
1028 762 1188 824 extraneis
1203 760 1380 824 heredibus

228 851 267 909 66
292 853 323 910 in
347 849 439 911 bonis
455 851 637 912 Latinorum
660 851 764 930 potior
786 849 933 911 habetur.
972 849 1049 909 Item
1066 847 1130 908 filia
1147 848 1311 928 ceterique
1329 849 1379 909 sui
1399 861 1414 906 5

292 935 427 998 heredes
450 936 523 997 lieet
545 936 615 997 iure
639 935 727 996 ciuili
749 935 833 996 inter
855 942 976 996 ceteros
999 932 1183 997 exheredati
1207 934 1273 994 sint
1289 942 1323 994 et
1338 934 1380 995 ab

292 1023 377 1083 omni
400 1021 575 1084 hereditate
599 1021 771 1102 patrissui
794 1028 1070 1098 summoueantur,
1096 1029 1204 1081 tamen
1226 1019 1262 1080 in
1284 1020 1380 1082 honis

290 1110 489 1187 Latinorum,
522 1108 586 1169 nisi
614 1108 800 1168 nominatim
830 1126 847 1168 a
876 1115 1008 1187 parente
1036 1106 1156 1167 inerint
1179 1105 1375 1184 exheredati,

227 1192 267 1254 67
290 1196 428 1275 potiores
451 1203 546 1256 erunt
568 1194 728 1255 extraneis
750 1191 936 1255 heredibus
977 1193 1055 1253 Item
1072 1190 1111 1254 ad
1126 1191 1246 1254 liberos
1263 1192 1320 1272 qui
1338 1191 1379 1253 ab

290 1280 467 1342 hereditate
490 1279 633 1360 parentis
656 1298 689 1341 se
706 1278 941 1356 abstinuerunt,
968 1277 1063 1339 nihilo
1078 1279 1183 1339 minas
1199 1277 1278 1340 bona
1294 1279 1380 1339 Lati·
1398 1291 1426 1335 te

291 1386 402 1430 norum
425 1365 601 1447 pertinent;
628 1384 701 1426 nam
723 1366 756 1427 hi
773 1383 887 1448 quoque
904 1362 1085 1426 exheredati
1100 1363 1188 1425 nullo
1205 1363 1298 1426 medo
1315 1362 1379 1425 diei

290 1460 435 1533 possunt,
461 1471 524 1513 non
547 1451 647 1532 magis
670 1471 767 1532 quam
790 1451 846 1531 qui
865 1458 1053 1513 testamento
1069 1450 1195 1511 silentio
1212 1449 1379 1529 praeteriti

227 1539 265 1598 68
290 1548 375 1600 sunt.
408 1540 456 1599 Ex
471 1537 518 1599 his
533 1536 682 1599 omnibus
698 1539 775 1600 satis
791 1537 872 1599 illud
887 1545 1029 1617 apparet,
1048 1537 1076 1597 si
1090 1537 1118 1598 is
1135 1536 1191 1616 qui
1207 1536 1351 1597 Latinum

289 1624 417 1699 feeerit,

289 1813 511 1871 ——--—sse;
537 1794 623 1855 hune
645 1795 729 1855 enim
752 1794 854 1856 solum

653 1881 685 1940 in
701 1878 794 1940 bonis
810 1879 991 1941 Latinorum

1238 1967 1265 2026 (a
1283 1979 1379 2016 ueram

289 2088 316 2135 ta
337 2084 356 2135 C
374 2086 424 2148 ²095
441 2086 578 2147 nequmm)
928 2115 932 2204 t
947 2120 1124 2201 quaeritur,
1144 2137 1185 2180 an
1201 2120 1379 2184 exheredes

876 2242 1379 2357 p———AEQ
1395 2269 1425 2314 aa

288 2364 315 2411 in
337 2362 356 2414 G
374 2363 425 2426 leqt
442 2362 579 2424 nequeunt)
810 2389 836 2478 p
858 2401 890 2454 et
904 2392 969 2456 libe

808 2476 813 2565 Ι

771 2603 884 2611 -—-
910 2575 1030 2628 constat

702 2690 814 2707 ——.
1113 2653 1229 2715 -bona
1250 2655 1378 2717 Latino-

808 2821 811 2908 γ
991 2747 1039 2800 est
1061 2748 1098 2800 ut
1394 2751 1422 2796 at

817 2907 820 2994 y
1050 2995 1092 3058 ab
1112 2996 1204 3058 alteri
1220 3034 1376 3042 ———

225 3082 265 3140 69
288 3116 821 3127 -———————
873 3084 950 3145 Item
973 3082 1054 3144 illud
1077 3101 1206 3163 quoque
1230 3092 1376 3146 constare

289 3167 431 3246 uidetur,
458 3168 485 3228 si
508 3168 591 3229 solos
613 3167 730 3230 liberos
753 3189 793 3230 ex
816 3167 820 3254 i
849 3168 1031 3249 disparibus
1053 3168 1201 3250 partibus
1224 3178 1422 3250 patronusne

701 3337 792 3424 titant,
827 3340 867 3403 ad
896 3359 950 3402 ees
972 3343 1152 3420 pertinere,
1184 3342 1261 3420 quia
1284 3342 1441 3414 nullopsat

289 3426 525 3489 interueniente
559 3434 709 3488 extraneo
738 3425 856 3488 herede
885 3427 1162 3489 senatusconsulto
1192 3427 1281 3490 loeus
1311 3447 1376 3490 non

358 3653 372 3697 3
391 3650 512 3714 parentis
533 3648 671 3708 (mesebon,
691 3649 798 3712 parenti
818 3647 864 3712 Ctt
884 3652 897 3697 t
917 3651 1007 3700 tamen
1024 3649 1163 3712 Goeschen,
1186 3652 1242 3699 tam
1257 3648 1284 3709 0,
1305 3650 1372 3712 conf.

291 3717 322 3768 0ἃ
338 3731 399 3781 paq.
413 3719 465 3770 277
481 3731 552 3768 aare.
568 3722 598 3767 Η
618 3722 643 3767 et
657 3730 720 3779 pay.
734 3721 786 3767 508
803 3731 872 3768 nors.
890 3717 933 3782 611
951 3723 964 3768 5
983 3720 1073 3783 potior
1092 3719 1231 3780 Goescheu,
1251 3719 1374 3783 potiqnia

291 3785 334 3847 Cn,
354 3787 422 3849 conf.
439 3785 467 3836 C*
477 3800 540 3849 pay.
554 3787 606 3840 295
617 3799 687 3836 uere.
703 3791 736 3836 46
752 3785 764 3848 ΙΙ
784 3791 798 3837 8
818 3785 973 3838 exheredati
988 3787 1125 3850 aoescten,
1140 3788 1319 3838 exhereditati
1335 3786 1355 3837 C

291 3858 321 3903 tn
346 3854 431 3905 nihilo
455 3856 547 3905 minus
570 3856 730 3906 Lachmannt
755 3858 961 3919 supplementur
982 3859 1110 3906 incertum
1134 3862 1188 3917 est,
1215 3857 1283 3920 cous.
1311 3856 1344 3908 (1ι

290 3926 316 3971 u
340 3936 403 3973 nam
422 3924 450 3973 hi
468 3923 586 3988 quoque]
606 3924 733 3989 ahtatefii
753 3923 851 3975 Ctesto
869 3926 995 3984 Bluhmin
1016 3925 1084 3988 cans.
1101 3924 1133 3976 0ι
1150 3922 1158 3990 Η
1177 3928 1280 3974 30-32
1300 3927 1372 3975 laen

288 4004 350 4041 nam
365 3996 424 4052 post
441 3996 572 4057 patronus
591 4007 612 4043 e.
627 4007 652 4056 9.
671 3995 717 4043 hoc
733 3995 809 4043 modo
825 3995 931 4056 emptore
952 3996 1053 4055 possis:
1075 3993 1190 4044 heredes
1215 3994 1370 4051 instituerit,

288 4075 321 4111 ex
340 4060 427 4110 isdem
446 4059 570 4124 partibus
593 4060 666 4111 bona
684 4063 781 4125 Latini,
808 4063 831 4113 si
852 4064 923 4128 patri
945 4063 1059 4113 heredes
1083 4059 1231 4130 exisltant,
1255 4062 1298 4114 ad
1320 4073 1372 4113 eos

287 4129 447 4191 pertinere
464 4131 517 4179 etc.
