2902 4830
65 488 116 530 me
140 467 267 544 angitue
289 464 499 526 conscientia:
526 482 602 526 sane
624 483 782 546 nusquam
804 468 965 546 grauiores
986 467 1076 529 labes
1095 469 1250 531 contraxit

66 553 166 616 codex
181 553 213 612 in
230 552 275 613 eis
286 550 373 627 locis,
393 569 472 631 quos
483 551 541 613 hoc
553 550 692 612 remedio
703 552 779 613 olim
790 560 1035 632 temptaueram3
1055 553 1151 616 huius
1163 557 1248 616 enim

66 658 125 720 ope
141 646 301 717 tamquam
322 637 395 698 uelo
417 637 557 698 detracto
579 635 719 699 nudatur
734 639 864 717 antiqua
879 638 1046 718 scriptura,
1073 638 1249 720 eademque

66 727 150 787 intra
164 724 315 802 exiguum
329 730 454 802 tempus
469 720 573 784 denuo
585 722 728 803 operitur
739 732 770 786 et
781 724 815 785 in
826 730 951 786 ueteres
963 723 1111 787 tenebras
1123 725 1250 787 demer-

65 814 163 892 gitur.
203 810 317 871 Contra
339 826 402 871 non
423 809 517 889 pauci
539 827 579 870 ex
599 809 644 870 eis
664 810 751 888 locis,
775 807 816 873 ad
830 827 909 888 quos
924 807 1074 890 legendos
1089 811 1164 873 olim
1179 811 1249 873 len-

64 898 145 959 tiore
160 896 194 958 ui
209 894 288 957 kalii
302 893 480 974 sulphurati
495 913 574 956 usus
588 893 716 978 eramll,
737 913 819 957 anno
833 894 914 955 4878
932 904 963 958 et
978 914 1058 958 anno
1073 897 1153 958 l883
1171 895 1250 959 laci-

63 985 127 1045 lius
149 1000 185 1043 ac
208 981 336 1063 plenius
357 980 421 1060 legi
442 989 614 1060 potuerunt
636 999 732 1061 quam
757 998 840 1043 anno
864 981 957 1044 4868.
1005 983 1113 1062 ltaque
1136 983 1250 1044 acriter

64 1071 187 1131 intenta
201 1068 362 1129 oculorum
373 1067 440 1128 acie
451 1067 674 1129 nonnullorum
685 1068 822 1130 locorum
834 1065 1072 1146 desperatorum
1083 1069 1250 1131 lectionem

64 1155 248 1235 nuperrime
263 1152 419 1233 perlicere
434 1152 534 1233 potui,
549 1152 582 1213 in
598 1153 668 1215 aliis
684 1152 718 1214 id
733 1161 819 1215 certe
834 1152 1014 1216 discernere
1027 1156 1127 1234 potui,
1142 1163 1249 1216 utrum

64 1240 99 1303 id
122 1239 207 1320 quod
228 1249 284 1300 aut
305 1256 323 1298 a
345 1237 438 1299 nobis
461 1246 515 1300 aut
537 1236 577 1298 ab
600 1238 671 1300 aliis
692 1239 773 1301 uiris
802 1234 902 1300 doctis
911 1238 933 1321 ⁴¹)
968 1238 1142 1302 diuinando
1174 1258 1249 1301 con-

65 1329 182 1389 iectum
205 1332 306 1402 esset,
339 1325 372 1385 in
402 1321 509 1386 codice
532 1331 639 1385 extare
662 1325 801 1405 potuerit
827 1342 941 1386 necne.
992 1322 1096 1405 Atque
1127 1326 1249 1387 utinam

64 1413 194 1493 saepius
217 1411 415 1472 coniecturae
437 1417 482 1470 tot
504 1408 667 1471 laboribus
689 1410 883 1490 excogitatae
910 1409 1018 1472 codice
1049 1410 1249 1473 confirmatae

66 1496 188 1560 essenti
229 1494 270 1556 At
285 1513 477 1575 quamquam
493 1513 550 1574 ego
566 1503 598 1557 et
613 1496 755 1575 Krueger
769 1494 931 1575 aliquanto
947 1498 1071 1559 cautius
1086 1497 1249 1578 plerisque

67 1602 187 1660 eorum,
213 1581 268 1662 qui
292 1588 364 1642 ante
386 1599 444 1642 nos
458 1579 500 1642 ad
514 1580 626 1643 Gaium
642 1579 876 1643 emendandum
891 1591 1098 1661 accesserant,
1124 1584 1158 1643 in
1173 1583 1250 1645 locis

65 1667 225 1730 lacunosis
248 1668 344 1728 crisin
365 1665 589 1746 iactitauimus,
615 1668 726 1747 paucis
748 1665 825 1729 locis
840 1668 945 1747 ipsum
961 1666 1151 1730 Gaianorum
1174 1687 1251 1730 uer-

65 1756 178 1817 borum
200 1761 382 1815 oontextum
404 1752 586 1815 coniciendo
609 1753 880 1834 recuperauimus.
927 1752 1037 1816 Artem
1065 1755 1163 1835 igitur
1192 1773 1251 1816 ne-

66 1837 189 1903 sciendi
211 1839 310 1901 multo
333 1840 429 1901 etiam
450 1838 580 1919 fortius,
613 1857 706 1918 quam
729 1857 747 1900 a
769 1838 862 1901 nobis
885 1837 963 1902 adeo
985 1838 1103 1902 factum
1127 1848 1190 1917 est,
1217 1840 1250 1901 in

65 1926 207 1989 futurum
230 1923 438 1988 exercendam
462 1943 530 1987 esse
553 1924 629 1986 mihi
658 1933 790 1988 constat.
838 1925 896 1988 Cui
924 1925 1132 1988 admonitioni
1162 1926 1251 1988 nelas

65 2015 107 2075 sit
136 2012 163 2074 si
192 2013 265 2093 quis
293 2030 405 2092 parere
434 2010 522 2073 nolit.
569 2011 697 2073 Discunt
726 2010 824 2091 igitur
851 2011 993 2073 homines
1023 2010 1106 2074 docti
1134 2031 1175 2074 ex
1203 2013 1250 2074 eis

64 2097 314 2160 correctionibus
329 2095 627 2177 additamentisque‚
646 2115 728 2177 quae
743 2096 818 2161 inde
833 2116 852 2157 a
867 2098 982 2178 pagina
992 2116 1054 2159 xvu
1069 2098 1165 2159 huius
1181 2096 1251 2159 edi-

64 2185 160 2247 tionis
183 2202 201 2246 a
222 2203 273 2246 me
296 2183 465 2263 composita
488 2191 573 2261 sunt,
599 2201 694 2262 quam
716 2182 814 2244 fallax
830 2183 871 2244 sit
886 2183 1131 2264 ingeniosissimi
1143 2183 1252 2245 cuius-

64 2290 128 2351 que
159 2270 297 2351 opinatio
320 2269 504 2331 diuinatrix.
553 2269 702 2330 Ceterum
733 2267 811 2331 haec
838 2287 965 2348 quoque
993 2270 1106 2331 iterata
1135 2268 1251 2333 codicis

64 2355 256 2419 Veronensis
278 2355 371 2416 lectio
393 2355 471 2414 mihi
493 2355 587 2416 statio
610 2361 673 2429 est,
704 2371 768 2414 non
797 2361 923 2433 portus3
956 2371 1051 2433 quam
1081 2354 1251 2416 emendare

67 2443 175 2518 uelim,
203 2442 230 2502 si
251 2438 327 2501 mihi
344 2437 443 2500 latum
459 2439 622 2518 largiatur,
647 2438 732 2501 utin
748 2437 870 2499 ltaliam
885 2448 1041 2516 reuertar,
1065 2458 1138 2500 nam
1153 2440 1251 2501 libros

68 2527 239 2606 rescriptos
261 2522 538 2604 perscrutantibus
561 2521 690 2584 dilficile
714 2530 762 2584 est
783 2521 823 2583 ab
856 2524 979 2603 incepto
1008 2522 1115 2586 labore
1138 2543 1172 2586 se
1194 2525 1253 2586 ab·

139 2782 162 2843 3)
184 2778 260 2831 Geni.
283 2779 315 2830 (3Ε
331 2792 453 2844 prooem.
472 2791 533 2844 pag.
546 2791 608 2829 xvir.

140 2851 162 2911 l)
182 2849 294 2900 interim
312 2849 360 2900 Gai
381 2848 586 2899 Institutionum
609 2845 695 2916 libros
719 2861 782 2899 cum
806 2847 852 2898 alii
875 2848 1019 2900 ediderunt
1040 2851 1099 2900 tum
1123 2848 1251 2901 Huschke

72 2920 184 2985 (Lipsiae
204 2931 227 2967 a.
248 2917 337 2980 ⁴878),
366 2917 444 2967 cuius
468 2915 653 2967 uenerabilem
678 2919 845 2968 senectutem
868 2915 931 2968 felix
949 2918 1008 2982 illa,
1035 2931 1105 2983 quae
1124 2918 1250 2968 iuuenem

66 2989 222 3046 ornauerat,
242 2985 342 3050 ingenii
360 2985 471 3036 ubertas
490 2986 645 3045 comitatur,
671 2988 698 3037 et
715 2987 846 3038 Polenuur
867 2985 1031 3050 lesyntagma
1048 2987 1252 3037 institutionum

67 3069 180 3108 nouum.
219 3056 266 3105 Gai
284 3055 470 3106 institutiones
487 3053 556 3104 iuris
574 3053 663 3104 ciuilis
680 3054 756 3108 Rom.
777 3054 928 3106 secundum
941 3055 1068 3107 Guilelmi
1079 3054 1252 3106 Studemund

68 3127 130 3178 cod.
151 3127 214 3175 Ver.
234 3123 407 3175 collationem
426 3122 498 3175 edid.
516 3123 622 3174 emend.
640 3124 765 3188 notisque
782 3123 939 3184 illustrauit,
959 3125 1092 3190 appositis
1110 3125 1251 3175 Iustiniani

68 3193 299 3253 institutionibus,
325 3193 359 3242 iis
380 3192 491 3256 quidem
513 3205 547 3242 ex
564 3193 724 3244 recensione
742 3192 818 3243 Pauli
836 3191 955 3255 lirueger
971 3192 1027 3244 lere
1045 3193 1176 3258 repetitis,
1196 3196 1248 3245 etc.

68 3266 98 3315 Β.
118 3265 138 3312 1.
160 3263 297 3323 Polenaar,
323 3261 373 3311 litt.
393 3260 470 3312 hum.
490 3263 518 3310 et
542 3261 593 3313 iur.
616 3264 669 3311 utr.
690 3261 731 3312 dr.
755 3261 878 3326 Lugduni
901 3263 1065 3312 Batauorum
1089 3262 1162 3326 apud
1180 3261 1211 3312 E.
1231 3263 1250 3311 l.

68 3333 140 3384 Brill.
166 3330 370 3392 tiit-tilio).
407 3329 492 3380 Cuius
515 3329 566 3379 uiri
591 3329 743 3380 doctissimi
760 3333 791 3379 ut
812 3344 927 3381 acumen
946 3331 1047 3395 ingenii
1065 3331 1250 3393 agnoscimus,

70 3404 107 3452 ita
126 3399 269 3451 audaciam
287 3400 314 3449 et
332 3399 500 3450 celeritatem
518 3399 545 3448 in
570 3398 742 3451 emendando
767 3412 849 3465 opere
867 3399 968 3450 Gaiano
993 3412 1047 3450 non
1071 3399 1250 3449 aemulamur.

69 3471 213 3533 Namque
233 3468 336 3518 diutius
355 3468 382 3517 in
402 3469 467 3519 Gaio
485 3467 654 3519 restituendo
672 3481 782 3533 operam
806 3468 999 3528 collocaueris,
1024 3480 1057 3519 eo
1084 3469 1185 3518 certius
1209 3468 1253 3516 in·

68 3539 193 3601 telleges,
219 3550 301 3601 quam
320 3535 465 3588 diiiienlter
482 3536 510 3584 in
529 3535 598 3586 locis
615 3536 766 3601 desperatis
782 3535 910 3602 pestifera
927 3536 1127 3586 medicamenta
1144 3550 1159 3586 a
1177 3535 1253 3586 salu-

70 3607 175 3659 taribus
193 3609 379 3665 secernantur‚
400 3609 426 3657 et
443 3617 497 3670 quo
515 3603 636 3668 longiore
654 3619 708 3657 usu
725 3606 971 3669 exercitationeque
984 3605 1120 3668 adquisita
1132 3607 1159 3655 et
1170 3603 1253 3654 robo-

71 3679 129 3727 rata
147 3675 228 3725 luerit
246 3676 273 3724 in
292 3674 344 3725 hcc
361 3672 450 3725 oliieic
469 3672 591 3734 facultas,
612 3687 645 3725 eo
664 3675 769 3725 cautius
782 3675 927 3726 electione
939 3672 1037 3724 tradita
1050 3673 1169 3726 recedas.
1195 3672 1252 3737 Ego

71 3745 114 3794 his
126 3744 296 3807 undeuiginti
309 3743 397 3804 annis,
417 3741 517 3807 quibus
530 3743 626 3794 Gaium
643 3744 767 3804 tractaui,
785 3745 810 3794 si
827 3742 894 3792 nihil
911 3741 985 3793 aliud
1003 3755 1068 3794 saue
1086 3741 1139 3793 hoc
1157 3741 1251 3804 didici,

71 3813 157 3863 multo
176 3825 257 3878 saepe
275 3811 415 3863 difficilius
432 3824 492 3863 esse
510 3809 545 3862 ab
563 3812 674 3869 incertis
696 3812 859 3863 coniecturis
882 3810 1018 3862 abstinere
1040 3822 1121 3874 quam
1144 3812 1253 3875 praeci-

71 3884 156 3948 pitem
174 3883 201 3931 in
221 3880 393 3932 coniectandi
416 3879 570 3946 periculum
593 3878 667 3935 terri.
704 3880 760 3931 Nec
783 3879 878 3930 dubito
903 3880 968 3944 quin
992 3881 1018 3930 et
1041 3882 1099 3944 ipse
1124 3879 1253 3930 Polenaar

72 3965 136 4001 mox
153 3955 240 4002 artem
258 3949 398 4001 nesciendi
416 3951 444 3999 in
462 3950 527 4001 crisi
544 3949 645 4005 eatena
663 3950 771 4014 saepius
789 3948 1028 4000 commendaturus
1046 3949 1089 4010 sit,
1108 3951 1252 4013 postquam

70 4021 176 4084 primus
200 4021 284 4070 animi
302 4019 479 4071 coniectantis
501 4017 584 4073 ardor
605 4015 768 4071 consederit.
803 4017 929 4069 Ceterum
951 4017 1101 4069 uidendum
1125 4030 1179 4081 quo
1202 4029 1252 4067 sua

71 4101 208 4152 quemque
227 4090 323 4138 natura
340 4089 457 4139 maxime
476 4085 546 4138 lerna
564 4086 697 4141 uideatur.
